2918 4874
309 373 353 437 56
571 385 757 434 archanus
781 384 997 432 orvrsrnusrs

147 546 436 613 A.D.1roameutis
460 553 635 622 eruerunt,
660 539 696 608 et
720 544 834 627 ipsum
857 542 1059 626 praefectum
1083 541 1258 607 frustatim

311 647 540 711 laniaverunt.

150 759 224 800 onan
244 757 299 798 ma.
364 747 449 831 §74
474 747 639 811 Matrona
665 747 787 811 merito
814 746 1037 810 memoranda
1059 746 1260 811 multotiens

150 810 301 900 ἶῖἷεῖῗῖῗῗῗῗ
312 849 433 930 regina
455 845 611 925 Alienor,
639 847 871 930 appendentia
896 848 1058 930 ¹quaedam
1085 866 1157 911 suae
1187 848 1261 912 doti

150 910 294 1052 lffdgpdidde
313 949 453 1031 tuguria
476 947 567 1012 infra
589 948 762 1011 Elieusem
788 949 950 1012 diocesim
972 948 1140 1012 visitavit.
1194 947 1260 1012 Cui
1291 985 1305 1028 5

152 1022 165 1051 ⁰
208 1023 228 1062 γ’
315 1057 485 1114 venerunt
513 1049 650 1113 obviam
679 1069 724 1112 ex
754 1049 911 1112 omnibus
936 1049 1022 1114 vicis
1052 1054 1088 1112 et
1119 1048 1259 1127 villuliS,

315 1169 519 1233 quacunque
542 1149 723 1227 transibat,
738 1149 804 1213 viri
817 1169 895 1213 cum
904 1172 907 1174 ⁷
917 1149 1115 1214 mulieribus
1130 1156 1165 1212 et
1179 1169 1260 1232 par-

315 1250 405 1314 vulis
420 1271 490 1316 non
505 1270 623 1313 omnes
636 1256 801 1315 extremae
817 1250 1034 1325 conditionis,
1045 1250 1194 1332 populus
1208 1251 1260 1314 la·

315 1352 463 1414 crimans
488 1358 523 1414 et
545 1350 777 1427 lacrimabiliS,
801 1351 883 1414 nudi
902 1351 1017 1434 pedeS,
1032 1351 1121 1414 illoti
1134 1359 1261 1429 vesteS,

315 1451 437 1515 inculti
449 1451 602 1533 capillos
656 1451 862 1533 Loquuntur
874 1451 1036 1528 lacrimis,
1050 1451 1175 1533 quihus
1188 1471 1260 1534 prae
1275 1492 1307 1538 10

316 1551 434 1614 dolore
449 1553 555 1615 verba
570 1550 777 1630 defecerant,
790 1571 853 1615 nec
868 1560 943 1616 erat
961 1571 1047 1634 opus
1062 1552 1262 1635 interprete,

317 1671 394 1714 cum
405 1652 483 1734 plus
499 1671 602 1736 quam
618 1653 782 1716 volebant
795 1652 907 1716 dicere
921 1652 1056 1735 patenti
1070 1654 1200 1735 pagina
1212 1654 1262 1717 le-

314 1759 466 1834 geretur.
519 1751 685 1817 Humana
708 1772 852 1836 corpora
866 1754 995 1835 passim
1010 1772 1071 1836 per
1085 1773 1188 1835 agros
1208 1754 1262 1817 in-

316 1852 460 1916 humata
470 1852 646 1938 jacebant,
662 1854 744 1936 quia
757 1854 944 1918 sustulerat
960 1855 1009 1917 eis
1032 1873 1115 1918 suus
1130 1855 1262 1938 episeo-

317 1973 382 2036 pus
408 1955 631 2037 sepulturam.
683 1954 821 2036 Regina
843 1961 950 2019 tantae
973 1973 1112 2027 causam
1135 1956 1307 2030 severi-15

317 2055 400 2118 tatis
413 2055 623 2137 intelligens,
638 2062 677 2119 ut
697 2063 771 2120 erat
790 2056 935 2120 multum
950 2056 1154 2134 misericors,
1170 2057 1263 2121 viro-

317 2175 394 2218 rum
418 2156 455 2220 in
482 2157 626 2221 mortuis
656 2157 819 2220 miserata
844 2157 1027 2234 miseriam,
1051 2176 1133 2221 mox
1159 2157 1263 2221 relin-

316 2276 427 2340 quens
450 2258 591 2340 propria
606 2264 641 2322 et
654 2257 768 2321 aliena
782 2258 921 2340 negotia
936 2277 1072 2335 curans
1089 2258 1153 2321 ivit
1169 2257 1262 2324 Lon-

317 2357 469 2436 doniam,
492 2359 575 2440 egit,
597 2359 666 2422 imo
690 2358 819 2440 exegit,
842 2360 885 2422 ah
911 2358 1168 2441 archiepiscopo
1188 2359 1262 2424 Ro-

315 2456 545 2540 thomagensi,
554 2466 594 2522 ut
606 2459 1093 2542 confiscataepiscopipraedia
1101 2460 1263 2545 episcopo
1275 2497 1308 2544 20

316 2557 551 2636 redderentur,
580 2566 615 2623 et
639 2560 729 2623 idern
756 2561 937 2643 episcopus
964 2561 1101 2626 nomine
1127 2562 1262 2626 cancel·

317 2657 412 2722 lariae
435 2679 497 2741 per
518 2660 730 2742 provinciam
746 2660 1065 2743 Rothomagensem
1087 2680 1109 2724 a
1131 2661 1263 2726 denun-

317 2758 409 2823 ciata
434 2760 471 2823 in
496 2779 574 2823 eum
602 2761 809 2825 clamaretur
830 2762 1184 2827 excommunicatione
1206 2783 1263 2828 so·

317 2859 423 2924 lutus,
476 2859 523 2924 Et
537 2861 613 2943 quis
629 2869 719 2927 esset
737 2870 810 2927 tam
823 2862 914 2926 ferus
930 2870 991 2927 aut
1003 2863 1147 2941 ferreuS,
1161 2882 1264 2947 quem

317 2959 354 3023 in
370 2979 434 3023 sua
446 2968 530 3026 vota
545 2961 672 3027 femina
686 2963 747 3027 illa
758 2983 828 3027 non
843 2963 1019 3028 flecteretl
1073 2963 1265 3029 Nunciavit
1276 3004 1308 3049 2⁵

317 3060 424 3124 etiam
447 3060 533 3124 nihil
555 3063 662 3127 oblita
682 3064 720 3126 in
745 3063 946 3127 Naustriam
968 3064 1106 3128 domino
1133 3065 1264 3130 Eliensi

317 3159 536 3244 impetratam
552 3164 617 3227 sibi
631 3184 703 3228 suae
719 3164 914 3247 reipublicae
928 3172 963 3228 et
974 3164 1152 3230 familiaris
1163 3167 1263 3231 resti-

319 3263 488 3328 tutionem
501 3263 536 3327 in
552 3261 693 3346 Anglia,
708 3272 742 3329 et
757 3265 871 3347 coegit
893 3285 982 3344 eum,
994 3286 1098 3349 quam
1112 3267 1148 3329 in
1162 3267 1263 3331 fisca-

317 3362 388 3426 rios
403 3365 542 3441 tulerat,
551 3367 759 3429 sententiam
772 3386 945 3431 revocare.
990 3365 1131 3444 Quievit
1145 3367 1263 3450 itaque

315 3462 407 3527 inter
427 3463 610 3546 inquietae,
632 3467 805 3531 mediante
827 3468 960 3550 regina,
983 3465 1167 3532 manifesta
1177 3488 1262 3532 vex·
1277 3501 1309 3548 30

316 3563 402 3636 atio,
427 3564 499 3641 sed,
523 3565 589 3628 nisi
612 3567 791 3648 utriusque
819 3587 878 3631 cor
899 3573 1065 3651 creperet,
1088 3588 1133 3632 ex
1154 3570 1263 3633 veteri

313 3671 513 3730 contractus
528 3663 607 3731 odio
621 3667 746 3730 mentis
760 3667 898 3732 habitus
914 3669 1040 3732 mutari
1053 3689 1123 3733 non
1137 3671 1262 3752 potuit.

154 3771 304 3865 {ffiffl
367 3764 453 3848 §75.
478 3764 602 3830 Comes
616 3765 640 3831 J
642 3768 807 3846 ohannes,
822 3769 936 3833 missis
959 3770 1095 3833 nunciis
1116 3770 1160 3834 ad
1174 3769 1262 3835 Por-

152 3872 304 3976 hhdtflffl·
315 3871 389 3928 tum
404 3863 588 3945 Hamonis,
605 3868 783 3935 mandavit
797 3875 925 3952 praesto
939 3870 1055 3952 parari
1077 3871 1142 3935 sibi
1165 3872 1262 3937 navi-

314 3966 420 4046 gium,
443 3975 485 4031 ut
505 3969 704 4050 putabatur,
725 3970 769 4034 ad
784 3990 900 4053 regem
922 3970 1133 4036 Francorum
1150 3972 1263 4036 deseo—
1276 4008 1307 4054 35

342 4137 363 4170 ³⁶
376 4141 542 4206 Desertam]
571 4143 658 4207 Philip
679 4146 772 4194 offered
808 4146 887 4208 riage,
902 4145 965 4193 with
983 4147 1066 4194 whom
1088 4147 1120 4196 he
1137 4148 1263 4209 promised

307 4210 348 4260 his
366 4213 440 4261 sister
451 4212 524 4262 Aliae
537 4219 562 4262 to
573 4214 642 4264 John
660 4217 688 4265 in
707 4231 773 4265 mar·
808 4221 834 4265 to
845 4218 940 4266 bestow
953 4217 1101 4279 Normandy
1113 4218 1163 4267 and
1174 4219 1210 4268 all
1220 4219 1262 4268 the
