3208 5036
423 514 470 560 na
494 513 611 562 annus
635 513 757 562 onsrrs
782 515 935 562 aronam
961 515 1077 562 parur.
1179 500 1223 563 43

276 670 569 755 Rotbomagensis
597 673 886 756 archiepiscopus
911 674 1032 756 quiin
1055 674 1222 738 ultionem
1233 687 1382 738 aalma

274 773 367 842 illius
392 781 589 855 praesumtae
612 774 978 840 excommunicationis
1004 775 1041 838 in
1067 775 1221 840 fiscarios

275 893 336 955 per
360 873 562 939 Neustriam
589 875 789 940 denunciari
813 875 993 940 mandavit
1008 875 1221 940 Willelmum

275 973 318 1038 de
332 973 455 1059 Longo
466 974 598 1058 Campo
612 977 948 1041 excommunicatum
962 977 1091 1041 haberi.
1145 977 1220 1042 No-

238 1090 261 1132 s
275 1074 369 1140 lebat
403 1084 521 1142 tamen
557 1096 598 1140 se
630 1078 739 1143 videri
766 1077 1041 1142 maledictionem
1069 1084 1221 1144 metuere

275 1175 383 1241 latam
397 1179 434 1242 in
446 1196 649 1260 pervasores
660 1178 817 1262 praedicti
828 1179 1058 1261 episcopatuo,
1070 1198 1133 1242 nec
1144 1179 1220 1260 dig-

276 1278 425 1342 nabatur
433 1278 570 1344 credere
583 1280 790 1344 sententiam
805 1278 944 1362 profugi
952 1279 1109 1362 praesulis
1119 1297 1220 1362 posse

275 1377 312 1441 in
327 1379 451 1443 solium
465 1399 538 1443 suae
558 1381 750 1466 majestatis
765 1380 961 1444 ascendere.
1015 1379 1097 1444 Fuit
1114 1380 1222 1462 igitur

275 1477 370 1544 foeda
391 1479 497 1544 facies
513 1480 663 1545 Eliensis
684 1481 850 1558 ecclesiae,
870 1487 1006 1545 tacetur
1026 1500 1089 1562 per
1111 1487 1220 1544 totam

231 1598 263 1644 ro
276 1579 438 1646 diocesim
461 1583 505 1646 ab
528 1583 622 1646 omui
645 1602 749 1664 opere
763 1582 916 1658 Domini,
931 1601 1077 1664 corpora
1090 1589 1219 1645 mortu·

275 1701 374 1746 orum
395 1703 458 1765 per
479 1701 598 1747 omnes
619 1683 715 1747 vicos
737 1683 916 1746 inhumata
933 1682 1122 1767 jaciuntur.
1175 1682 1219 1746 In

277 1781 456 1860 Neustria,
478 1783 553 1848 vice
581 1784 727 1862 reddita,
751 1803 852 1848 nemo
874 1802 919 1847 ex
944 1782 1218 1865 archiepiscopa-

275 1883 365 1946 libus
380 1885 656 1949 communicabat
670 1884 898 1961 Cancellario‚
912 1885 948 1948 in
967 1885 1127 1965 ingressu
1144 1883 1219 1967 ejus

276 1986 387 2048 omnis
421 1984 566 2050 ecclesia
601 1986 824 2069 suspenditur
859 1992 894 2049 et
930 2004 1071 2066 egressu
1104 1984 1220 2048 omnia
1330 2029 1332 2032 -

232 2085 378 2166 resigna
401 2086 597 2169 pulsantur,
613 2094 648 2151 et
669 2087 794 2151 altaria
818 2086 876 2150 ubi
899 2086 1086 2150 celebravit
1101 2084 1220 2168 dejici-

275 2194 392 2251 untur.

328 2287 346 2371 ἕ
370 2289 425 2354 55.
454 2291 535 2355 Duo
565 2288 672 2372 legati
700 2307 722 2352 a
749 2287 858 2352 latere
887 2287 1011 2351 summi
1040 2285 1220 2351 Pontificis
1234 2293 1382 2394 {23:52³-

277 2388 398 2454 directi
426 2391 463 2455 in
493 2389 645 2456 Galliam
681 2389 860 2466 instinctu,
895 2395 936 2452 ut
972 2387 1091 2466 fertur,
1128 2390 1219 2470 regis
1233 2395 1352 2445 rendsor-

280 2489 493 2557 Francorum
521 2491 583 2556 sed
605 2491 753 2567 occulto,
777 2509 902 2554 venere
923 2488 1115 2553 Gisortium
1137 2490 1220 2554 visi·
1233 2447 1319 2496 Μ

231 2613 265 2660 so
278 2593 385 2655 taturi
399 2591 662 2668 Normanniam,
677 2610 782 2675 quam
801 2592 899 2672 regni
914 2590 1127 2655 Francorum
1141 2610 1222 2673 par·

279 2699 348 2756 tem
382 2695 593 2777 praeeipuam
622 2693 728 2756 scisse
761 2691 973 2772 didicerant3
1007 2711 1107 2775 quos,
1141 2693 1224 2774 quia

278 2794 384 2857 castri
399 2794 674 2859 constabularius
689 2801 725 2857 et
738 2792 949 2857 senescallus
960 2792 1135 2856 Neustriae
1153 2812 1223 2856 non

278 2893 502 2973 admiserunt,
515 2895 582 2958 hac
601 2915 639 2959 se
661 2894 805 2958 rationis
828 2896 950 2958 umbra
972 2900 1108 2957 tuentes
1130 2893 1223 2976 quod

279 3014 361 3073 non,
377 2997 444 3061 nisi
457 2996 596 3062 favente
612 2994 711 3059 sundi
725 2994 863 3059 domino
886 2994 942 3060 vel
964 3001 1148 3076 praesente,
1163 2994 1222 3058 de-

233 3097 360 3162 asbeat
388 3098 591 3183 cujusquam
613 3096 800 3179 provinciae
827 3096 900 3159 fieri
924 3095 1090 3159 visitatio.
1143 3094 1224 3160 Hoc

275 3198 474 3279 specialiter
496 3198 678 3281 privilegio
701 3215 820 3261 omnes
844 3214 943 3278 reges
968 3193 1163 3278 Anglorum
1182 3203 1225 3260 ¹ct

280 3296 470 3364 Ricardum
491 3301 665 3382 praecipue
687 3298 731 3361 ab
746 3295 950 3379 Apostolica
969 3297 1049 3360 sede
1064 3297 1223 3361 donatos.

281 3395 380 3462 Nihil
394 3401 467 3483 egit
480 3400 573 3484 apud
596 3400 731 3482 legatos
744 3417 827 3463 vera
849 3398 905 3462 vel
926 3396 1120 3460 verisimilis
1140 3398 1224 3461 alle-

280 3500 393 3581 gati03
410 3501 518 3566 crevit
526 3508 561 3565 et
569 3501 744 3577 intumuit,
758 3499 817 3564 sed
828 3506 949 3562 contra
961 3498 1137 3562 intimidos
1147 3499 1225 3563 Diis

235 3616 267 3665 so
280 3619 382 3682 aequa
417 3609 583 3685 potestas.
635 3601 821 3666 Contemta
854 3599 1024 3664 recolitur
1055 3598 1225 3664 Romanae

281 3702 474 3787 majestatis
510 3703 721 3783 auctoritas3
759 3701 947 3785 projiciunt
982 3700 1153 3782 ampullas
1191 3706 1226 3763 et

280 3804 543 3888 sexquipedalia
578 3804 695 3868 verba.
765 3802 916 3866 Multam
952 3801 989 3863 in
1026 3800 1226 3864 resistentes

280 3905 392 3968 multa
420 3905 608 3970 acerbitate
631 3904 818 3978 minantur,
842 3909 877 3965 et
900 3907 1016 3964 tamen
1044 3901 1127 3983 quia
1156 3920 1227 3964 non

280 4004 456 4069 habebant
470 4005 637 4088 placitare
653 4024 730 4067 cum
743 4002 871 4084 pueriS,
885 4001 1011 4064 clausis
1033 4007 1154 4064 contra
1168 4019 1227 4064 eos

235 4117 266 4161 ³⁵
280 4107 387 4169 castri
401 4105 545 4183 foribus,
560 4110 731 4169 steterunt
745 4102 787 4165 de
801 4100 896 4165 foris.
949 4100 1017 4164 Sed
1034 4121 1104 4164 non
1119 4100 1229 4165 defuit

317 4278 336 4337 ¹.⁷
348 4283 404 4331 Duo
415 4282 512 4346 legata]
531 4283 649 4342 Namcly‚
666 4281 742 4330 Octa·
768 4280 843 4330 nbbot
853 4277 883 4328 of
891 4279 970 4329 Fossa
982 4279 1064 4328 Nova.

282 4353 339 4402 vian
350 4353 440 4416 bishop
451 4353 480 4402 of
488 4353 571 4416 Ostia,
585 4352 636 4401 end
647 4351 742 4402 Jordan
