3208 5036
353 519 400 567 nn
423 520 541 569 annus
565 521 687 570 casrrs
712 522 864 570 arctam
889 522 1005 568 amur.
1108 505 1152 570 65

200 697 272 744 non
285 677 409 756 iuerat,
424 679 531 762 coepit
544 680 725 746 aedificare.
764 679 919 745 Latomis
931 680 1034 745 etiam
1049 687 1084 746 et
1093 701 1148 745 ce·
1161 685 1312 746 alanna.

199 780 378 844 montanis
395 779 437 843 de
452 781 652 844 monasterii
666 781 895 864 suppellectili
909 782 1081 864 stipendia
1095 783 1148 848 in·

200 879 326 972 stituit.
363 880 444 944 Duo
453 881 630 964 praecipua
640 881 885 947 monachorum
896 884 1050 946 maneria
1060 884 1149 948 sele·

200 979 253 1062 git
267 981 305 1044 in
319 1000 403 1043 usus
417 982 586 1064 proprios,
601 982 666 1046 hoc
680 982 724 1047 ad
740 983 949 1047 abutendum
965 983 1014 1046 eis
1029 983 1148 1050 ordine

173 1103 187 1146 a
200 1081 403 1159 constituto,
418 1089 457 1145 ut
471 1083 676 1165 ubicumque
697 1082 901 1160 comederet,
916 1084 1065 1166 speciale
1083 1085 1146 1148 ali-

200 1182 334 1263 quidde
345 1182 586 1265 praedictorum
600 1185 829 1248 maneriorum
844 1184 956 1267 pretio
967 1203 1146 1268 compara-

199 1289 273 1345 tum
299 1283 363 1346 sibi
386 1291 654 1366 praesentaretur
676 1285 720 1348 ad
749 1305 856 1362 esum,
886 1285 1076 1367 gloriatum
1103 1286 1146 1350 de

199 1384 356 1460 victoria,
366 1401 408 1447 ac
422 1385 451 1447 si
466 1384 780 1464 demonachatum,
796 1405 883 1468 quos
898 1387 987 1450 vicio
1002 1387 1146 1464 vicerat,

198 1483 599 1549 visceribusvesceretnr.
639 1485 807 1568 Reliquos
816 1503 1146 1552 veroeorumomnes

155 1602 187 1652 ιο
198 1583 353 1648 redditus
374 1585 523 1668 partitus
537 1591 591 1648 est
604 1584 640 1649 in
655 1586 869 1667 praebendas,
883 1606 1030 1670 quarum
1042 1607 1147 1670 qnas-

198 1685 279 1749 dam
295 1683 464 1750 Romanae
481 1692 647 1769 perpetuo
667 1685 870 1751 adtitulatas
885 1688 1038 1752 ecclesiae
1052 1688 1146 1753 dedit

198 1787 439 1869 appropriatos
454 1786 658 1868 quibusdam
672 1785 912 1851 Cardinalibus
921 1787 1019 1852 Sedis
1030 1787 1145 1872 Apos-

197 1887 325 1964 tolicae,
346 1886 532 1968 designans
551 1907 610 1950 eos
633 1895 801 1952 eteorum
823 1888 859 1952 in
873 1888 1012 1952 eosdem
1025 1889 1145 1954 titulos

198 1987 383 2052 canonicos
397 2006 625 2064 successores,
641 1988 795 2052 ecclesiae
809 1986 1054 2053 Goventrensis
1068 1977 1145 2054 esse

154 2104 185 2154 la
198 2089 395 2165 canonicos,
422 2096 463 2152 ut
491 2088 522 2152 si
549 2107 619 2171 qua
640 2089 729 2153 forte
754 2088 796 2156 de
820 2089 1006 2156 transactis
1029 2109 1146 2156 coram

199 2188 341 2253 Summo
366 2189 536 2253 Pontifice
560 2189 657 2254 fieret
682 2191 893 2268 retractatio,
923 2189 1063 2256 Curiam
1091 2197 1145 2258 to-

198 2291 320 2354 tamin
335 2310 407 2354 suae
423 2289 532 2373 partis
545 2289 777 2355 defensionem
792 2291 920 2356 iaceret
931 2291 1124 2374 proniorem
1136 2312 1144 2372 ;

199 2390 285 2453 alias
310 2391 512 2474 praebendas
536 2390 613 2456 aliis
640 2392 798 2469 contulit,
822 2392 882 2456 sed
911 2391 1041 2456 nullam
1071 2392 1145 2469 ulli,

199 2511 301 2573 quem
315 2498 483 2574 procerte
496 2512 567 2557 non
581 2500 727 2557 noverat
738 2493 866 2558 nullius
880 2492 1055 2575 religionis
1069 2512 1145 2558 esse

153 2613 186 2660 ao
199 2592 376 2658 cultorem.
429 2592 676 2660 AEdificaverat
690 2594 846 2658 certatim
862 2594 966 2658 etiam
984 2596 1144 2660 absentes

199 2693 356 2757 canonici
384 2693 476 2757 circa
504 2695 684 2759 eeclesiam
718 2695 833 2778 ampla
863 2702 898 2759 et
926 2696 1064 2759 excelsa
1092 2695 1143 2759 di-

199 2794 363 2872 versoria,
386 2794 429 2858 ad
451 2813 535 2860 usus
559 2795 649 2860 sorte
668 2797 838 2879 proprios,
861 2796 891 2860 si
917 2797 973 2862 vel
988 2796 1092 2861 semel
1107 2797 1144 2871 in

198 2895 273 2959 vita
310 2895 424 2959 locum
464 2895 629 2960 visitandi
668 2916 808 2960 cansam
851 2915 952 2962 casus
996 2895 1143 2964 offerret.

195 2994 328 3059 Nullus
354 2996 402 3059 ibi
431 3015 476 3058 ex
505 2996 763 3078 praebendariis,
784 2997 874 3061 sicut
897 3016 961 3060 nec
986 2997 1069 3061 alibi
1092 2996 1144 3060 fa·

152 3114 185 3164 25
199 3095 306 3173 ciunt,
334 3097 494 3178 religiose
517 3097 655 3175 resedit,
686 3098 746 3161 sed
774 3097 982 3180 pauperibus
998 3097 1145 3163 ,vicariis

199 3197 243 3260 ad
260 3197 496 3262 insultandum
519 3198 596 3263 Deo
620 3197 757 3262 modica
776 3197 930 3262 mercede
954 3197 1145 3274 conductis,

198 3316 262 3378 pro
285 3297 415 3361 foribus
436 3298 643 3380 palatiorum
657 3297 1026 3380 facientesmagnalia,
1044 3316 1144 3362 sanc·
1166 3361 1187 3388 ‚

198 3404 273 3461 ‘tum
298 3399 347 3462 eis
372 3398 513 3462 ohomm
531 3399 710 3482 victosque
728 3398 879 3464 Penates
896 3405 932 3462 et
953 3397 1063 3462 nudos
1089 3417 1144 3464 ec-

200 3498 314 3562 clesiae
329 3499 479 3582 parietes
494 3499 721 3564 crediderrmt.
775 3554 777 3556 .

152 3623 185 3670 ao
251 3598 337 3683 §So
362 3598 452 3664 Haec
474 3606 527 3664 est
553 3609 633 3666 vere
657 3621 741 3666 vera
767 3600 1010 3682 relig10,hanc
1035 3600 1145 3665 omnis

184 3699 326 3764 ‚imitari
351 3707 386 3764 et
411 3701 566 3765 aemulari
592 3700 731 3766 deberet
760 3701 916 3766 ecclesia.
970 3701 1146 3766 Canonico

197 3800 346 3865 seculari
364 3802 408 3864 ab
423 3801 567 3866 ecclesia
582 3821 656 3880 sua,
680 3802 844 3884 quamdin
858 3802 1008 3879 libuerit,
1031 3801 1147 3864 licebit

195 3901 331 3979 abesse,
355 3909 390 3965 et
413 3903 658 3984 patrimonium
685 3901 814 3966 Christi
839 3902 909 3979 ubi,
934 3908 969 3968 et
996 3900 1147 3982 quando,

199 4001 293 4065 etin
315 4020 549 4086 quascumque
571 4002 718 4067 voluerit
740 4001 937 4083 voluptates
958 4003 1147 4067 absumere..

153 4100 242 4164 eald
274 4109 408 4167 tantum
445 4103 660 4187 provideant,
695 4109 734 4166 ut
761 4100 920 4165 audiatur
948 4099 1150 4166 vociferatio

198 4200 360 4284 frequens
386 4203 422 4267 in
451 4205 552 4268 domo
575 4202 728 4270 Domini.
780 4201 818 4266 Si
840 4202 884 4265 ad
913 4201 1003 4266 sores
1027 4201 1149 4266 talium

197 4303 389 4385 pulsaverit
411 4304 557 4382 advena,
579 4304 609 4368 si
624 4323 756 4388 pauper
770 4303 983 4380 clamaverit,
1006 4321 1150 4384 respon-

982 4445 1001 4490 Β
1086 4455 1087 4462 Ν
