3208 5036
406 510 452 555 ou
475 509 592 557 annus
616 508 738 557 ousms
762 508 915 556 urcium
940 509 1056 555 parur.
1158 493 1200 557 11

521 735 628 785 ANNO
645 733 786 784 DOMINI
803 734 933 784 M.C.XC.

304 882 321 965 §
336 881 390 945 13.
414 878 524 944 ANNo
546 881 589 943 ab
609 880 848 943 incarnatione
862 879 1004 942 Domini
1021 878 1201 944 millesimo
1214 887 1363 938 alhmo-

252 982 439 1046 centesimo
466 981 701 1062 nonagesimo,
720 1000 783 1044 rex
798 978 1037 1043 transfretavit
1050 981 1087 1042 in
1104 980 1200 1044 Neu·

223 1083 384 1159 istriam,
402 1082 508 1145 totius
523 1082 621 1163 regni
635 1100 719 1144 cura
735 1079 950 1144 Cancellario
964 1079 1135 1162 delegata.
1285 1147 1287 1151 ,

305 1182 476 1247 Ricardus
499 1181 738 1245 Londonensis
770 1189 807 1244 et
830 1180 1025 1245 Willelmus
1052 1179 1201 1244 Eliensis

251 1283 353 1346 electi
366 1283 556 1346 consecrati
576 1288 657 1345 sunt
677 1301 699 1344 a
714 1281 917 1344 Baldewino
931 1279 1199 1363 archiepiscopo,

252 1383 344 1464 apud
369 1381 730 1459 westmonasterium,
760 1381 910 1445 secundo
941 1379 1108 1444 kalendas
1136 1380 1159 1444 J
1162 1401 1199 1444 a·

252 1483 365 1546 nuarii
394 1483 496 1565 [Dec.
521 1483 576 1560 al,
602 1481 717 1563 1189].
771 1481 965 1546 Willelmus
995 1480 1037 1544 de
1067 1481 1201 1563 Magna

209 1595 239 1639 1⁰
252 1582 359 1660 Villa,
375 1603 489 1647 comes
511 1583 553 1646 de
575 1580 669 1646 Alba
684 1583 798 1659 Mara,
822 1581 914 1664 apud
936 1580 1140 1660 Gisortium,
1164 1584 1200 1646 in

252 1683 382 1768 majore
398 1683 604 1748 hemitritaeo
614 1683 766 1745 maniam
784 1701 920 1764 passus
936 1681 1119 1745 defunctus
1134 1691 1198 1747 est.

253 1781 362 1867 Cujus
389 1784 556 1860 relictam,
584 1783 747 1847 feminam
776 1782 846 1845 fere
878 1783 999 1858 virum,
1030 1782 1085 1845 cui
1114 1784 1199 1846 nihil

251 1884 349 1948 virile
362 1884 472 1948 defuit
483 1890 610 1966 praeter
623 1884 748 1960 virilia,
759 1882 955 1947 Willelmus
969 1882 1011 1945 de
1025 1882 1198 1961 Fortibus,

251 1984 348 2047 miles
364 1985 486 2048 millies
501 1985 667 2067 probatus
685 1985 722 2047 in
738 1984 853 2060 armiS,
869 2002 947 2047 cum
962 1983 1056 2045 omui
1069 1982 1199 2046 honore

206 2098 237 2143 15
250 2085 374 2166 prioris
388 2085 514 2162 mariti,
529 2084 620 2148 dono
640 2085 732 2167 regis
749 2083 891 2148 Ricardi
910 2083 1040 2165 recepit
1058 2083 1095 2145 in
1116 2104 1198 2147 con·

247 2185 378 2268 jugem.

303 2286 389 2369 §la
412 2284 609 2350 Willelmus
640 2284 788 2348 Eliensis
824 2284 1005 2367 episcopus
1039 2291 1074 2348 et
1107 2284 1358 2383 fegisffi‘gffi

252 2385 499 2464 Gauoellarius,
525 2386 614 2450 alter
639 2384 845 2448 naturaliter
871 2383 994 2462 Jacob,
1021 2385 1102 2449 licet
1128 2405 1198 2448 non
1210 2395 1279 2434 001101·

250 2485 416 2551 luctasset
436 2505 514 2550 cum
529 2485 666 2567 angelo,
688 2503 838 2568 persona
857 2485 1065 2566 spectabilis,
1085 2486 1198 2550 brevi·

205 2605 239 2650 co
250 2593 358 2651 tatem
379 2588 532 2668 eorporis
555 2587 670 2649 animo
693 2605 969 2667 recompensans
999 2587 1042 2650 de
1070 2586 1199 2650 domini

250 2687 305 2750 sui
328 2705 468 2750 securus
498 2706 613 2750 amore
643 2693 678 2750 et
703 2687 745 2750 de
769 2686 950 2752 voluntate
973 2706 1197 2770 praesumens

250 2788 333 2870 quia
351 2788 462 2851 omnis
482 2794 636 2869 potestas
651 2788 836 2869 impatiens
852 2790 1020 2852 consortis
1039 2787 1116 2865 fuit,
1132 2796 1197 2865 est,

250 2894 286 2951 et
300 2888 377 2964 erit,
393 2886 637 2968 Hugonemde
653 2887 768 2949 Pusac
782 2887 824 2950 de
838 2890 1011 2951 scaccario
1023 2887 1195 2970 propulit3

251 2995 286 3049 et
308 2987 382 3051 solo
409 2988 474 3050 sibi
501 2987 629 3069 gladio,
652 3006 721 3068 quo
749 3006 855 3050 manu
883 2988 975 3069 regis
997 2989 1032 3050 in
1055 2988 1198 3053 militem

205 3100 237 3144 aa
250 3086 363 3151 fuerat
378 3089 565 3165 accinctus,
580 3087 641 3151 vix
660 3086 791 3164 relicto,
808 3087 942 3151 modico
963 3095 1115 3169 tempore
1135 3088 1197 3151 ha-

249 3187 322 3251 bito
338 3187 521 3251 comitatus
536 3187 666 3251 honore
677 3187 838 3269 privavit.
875 3186 921 3250 Et
934 3207 978 3251 ne
992 3188 1086 3252 solus
1100 3208 1198 3251 suam

250 3287 495 3352 Dunelmensis
509 3287 642 3351 doleret
655 3287 830 3370 injuriam,
846 3305 923 3350 cum
938 3287 1025 3349 nulli
1042 3295 1200 3369 parceret

249 3389 343 3451 omni
363 3388 436 3471 Jam
461 3387 577 3451 bellua
595 3388 727 3464 tetrior,
743 3388 847 3451 etiam
871 3387 909 3449 in
922 3386 1199 3452 Wintoniensem
1308 3380 1310 3384 ⁴

250 3489 357 3568 pestis
373 3488 527 3570 impegit.
581 3487 802 3552 Subtrahitur
819 3486 871 3551 1111
890 3487 1047 3552 custodia
1067 3495 1198 3552 castro-

206 3602 237 3648 11
250 3609 326 3651 rum
347 3595 382 3652 et
401 3589 597 3665 comitatus,
620 3608 683 3651 nec
703 3589 807 3651 etiam
832 3588 875 3652 de
898 3590 1038 3671 proprio
1058 3586 1199 3672 permit-

250 3689 335 3752 titur
370 3688 520 3768 gaudere
553 3689 772 3771 patrimonio.
838 3687 1015 3754 Turbatur
1043 3710 1200 3771 regnum,

250 3807 435 3870 regemque
462 3788 505 3851 de
535 3789 770 3853 inconstantia
806 3789 1033 3854 criminantur
1067 3790 1198 3853 offensi.

250 3887 513 3951 Transfretatur
529 3889 572 3951 ab
588 3890 746 3953 omnibus
769 3888 813 3951 ad
837 3909 952 3970 regem
977 3889 1199 3970 interpellan-

284 4173 502 4239 ⁴Treassretavit]
513 4179 554 4226 He
562 4178 712 4228 sailedsrom
738 4179 878 4228 christinae
907 4185 933 4230 at
955 4179 1053 4242 Burun,
1082 4180 1109 4228 in
1136 4180 1203 4229 Nor·

249 4246 337 4294 Dover
352 4246 391 4294 sor
402 4247 488 4297 Calais
505 4264 574 4310 upon
591 4249 650 4297 rath
662 4250 714 4297 De·
738 4250 839 4310 mandy.

250 4318 349 4364 camber
371 4321 450 4377 1189,
488 4319 538 4367 and
560 4319 653 4380 passed
674 4319 715 4368 hie
