3208 5036
402 510 450 556 nn
473 508 590 556 annus
613 508 735 556 cnsrrs
760 509 913 556 alcinoi
937 509 1054 560 rursu.
1155 492 1200 556 39

251 668 361 750 regni,
376 676 411 733 et
426 677 466 734 ut
480 671 595 734 omnia
614 670 759 735 castella
774 671 898 753 quibus
917 670 1022 735 vellet
1045 669 1197 734 custodi·
1210 674 1361 726 alnum.

252 769 342 832 enda
364 770 516 835 traderet
539 777 742 848 statuentes,
766 772 834 834 tria
858 778 995 835 tantum
1019 772 1061 836 de
1083 771 1197 834 minus

251 870 458 948 valentibus,
473 873 518 936 ab
532 872 680 938 invicem
694 872 879 954 plurimum
893 871 1070 948 distantia,
1087 872 1197 936 nomi·

252 977 397 1034 netenus
421 973 498 1056 jam
526 971 742 1038 Cancellario
770 972 994 1055 reliquerunt.
1052 972 1196 1036 Justici·

225 1093 240 1136 s
253 1072 346 1134 arius
356 1091 536 1154 supremus
547 1080 627 1156 post
637 1074 808 1151 comitem,
818 1072 842 1136 J
843 1072 1011 1136 usticiarii
1019 1072 1198 1152 Errantes,

253 1170 423 1237 Custodes
446 1175 620 1251 scaccarii,
635 1187 828 1239 castrorum
848 1173 1106 1251 constabularii,
1123 1193 1197 1236 om·

252 1291 314 1336 nes
329 1274 411 1337 novi
433 1273 476 1340 de
500 1295 591 1340 novo
609 1274 848 1339 instituuntur.
902 1273 1000 1339 Inter
1012 1273 1099 1337 alios
1114 1280 1197 1338 tunc

252 1381 445 1456 receptores
472 1383 508 1439 et
530 1376 713 1458 episcopus
735 1375 999 1453 Wintoniensis,
1024 1393 1110 1458 quas
1132 1374 1198 1437 sibi

254 1472 488 1539 Cancellarius
512 1475 651 1553 tulerat,
673 1475 710 1538 in
735 1476 908 1557 integrum
932 1475 1062 1557 recepit
1082 1481 1197 1538 custo-

208 1592 240 1637 ιο
253 1574 340 1653 diaS,
355 1583 390 1639 et
404 1575 563 1641 dominus
578 1575 822 1640 Dunelmensis
845 1576 975 1659 recepit
996 1576 1199 1640 comitatum

254 1674 508 1742 Norhumbriae.

303 1776 388 1860 §5L
413 1777 499 1841 Dies
520 1777 579 1841 ille
601 1776 757 1842 nefastus
772 1777 967 1842 declinabat
989 1777 1033 1841 ad
1057 1795 1196 1860 vesper·
1209 1783 1255 1824 Μ
1268 1785 1335 1825 ¹⁶¹⁰st

1208 1835 1351 1876 communica·

252 1895 320 1953 am,
345 1885 381 1942 et
405 1885 555 1960 quatuor
576 1879 729 1961 episcopi
757 1885 793 1942 et
818 1878 962 1943 totidem
984 1877 1126 1942 comites
1150 1898 1195 1942 ex
1207 1887 1276 1977 ffl
1268 1887 1332 1978 0:331

252 1984 351 2059 parte
374 1979 549 2044 concionis
571 1979 669 2043 missi
692 1979 736 2042 ad
752 1977 1004 2043 Cancellarium
1024 1989 1248 2060 exposuc·⁸n‹1
1332 1965 1338 1986 '

207 2093 239 2139 rt
252 2086 333 2142 runt
355 2079 407 2142 illi
429 2079 473 2142 ad
496 2079 632 2143 literam
655 2081 763 2143 totius
785 2087 865 2145 acta
886 2080 965 2143 diei.
1017 2077 1197 2144 Inhorruit

252 2178 311 2242 ille
333 2179 377 2242 ad
398 2180 613 2262 inopinatam
642 2180 823 2245 audaciam
848 2187 1124 2263 praesumtorum,
1149 2187 1196 2258 et,

252 2279 431 2344 deficiente
449 2281 584 2362 spiritu,
600 2280 725 2345 decidit
739 2282 776 2345 in
791 2288 919 2345 terram
932 2282 984 2346 ita
998 2281 1198 2362 exsanguis,

253 2388 293 2445 ut
316 2399 360 2444 ex
384 2401 444 2445 ore
467 2401 607 2463 spumas
627 2382 810 2446 emitteret.
863 2381 999 2467 Injecta
1019 2381 1084 2444 sibi
1107 2400 1200 2464 aqua

254 2480 380 2563 frigida·
387 2481 424 2545 in
437 2481 572 2559 faciem,
582 2483 719 2560 revixit,
732 2490 767 2547 et
781 2490 916 2547 erectus
929 2483 966 2546 in
978 2482 1083 2565 pedes
1098 2487 1199 2546 torvo

208 2603 241 2650 ao
254 2584 397 2647 nuncios
420 2583 623 2665 perstrinxit
645 2584 784 2661 lumine,
814 2583 943 2661 dicens,
973 2583 1076 2647 ‘Una
1104 2583 1199 2647 salus

254 2683 355 2748 victis
370 2683 501 2748 nullam
516 2702 655 2767 sperare
671 2684 830 2749 salutem.
882 2683 1026 2749 Vicistis
1045 2691 1081 2747 et
1096 2682 1198 2748 vinx-

253 2784 330 2848 istis
351 2785 540 2849 incautum.
593 2784 630 2849 Si
643 2805 697 2850 me
714 2785 885 2850 Dominus
903 2784 1001 2849 Deus
1023 2783 1199 2849 dominum

253 2905 366 2950 meum
392 2906 508 2968 regem
538 2886 629 2950 inter
657 2885 743 2950 duos
772 2887 890 2951 oculos
913 2885 1030 2950 videre
1054 2883 1198 2962 dederit,

254 2985 327 3050 dies
342 2987 411 3051 ista
424 2987 516 3050 malo
529 2986 629 3050 vobis
651 2987 780 3065 illuxit,
794 2986 881 3050 certi
904 2992 1025 3049 estote.
1077 2983 1198 3062 Quan-

209 3104 241 3149 as
255 3093 328 3150 tum
350 3088 388 3150 in
411 3088 510 3153 vobis
536 3095 601 3164 est,
624 3089 741 3152 comiti
764 3086 840 3171 jam
868 3084 1011 3150 dedistis
1036 3085 1199 3169 quicquid

255 3188 346 3268 regis
361 3195 437 3252 crat
455 3189 491 3250 in
510 3207 631 3269 regno.
683 3188 798 3252 Dicite
813 3187 856 3263 ei,
871 3186 958 3251 vivit
971 3184 1083 3250 adhuc
1098 3185 1198 3249 Pria-

254 3305 343 3350 mus.
393 3287 482 3366 VoS,
501 3289 561 3371 qui
582 3289 689 3354 vestri
712 3288 862 3352 viventis
886 3286 998 3349 adhuc
1019 3287 1111 3366 regis
1134 3287 1199 3349 im-

255 3407 435 3466 memores,
463 3390 610 3454 alterum
636 3389 734 3454 vobis
764 3387 917 3469 elegistis
945 3387 983 3450 in
1012 3386 1199 3464 dominum,

255 3488 358 3552 dicite
371 3489 422 3553 illi
436 3490 575 3554 domino
589 3498 706 3555 vestro
722 3489 884 3573 quoniam
898 3493 1010 3553 totum
1023 3487 1087 3551 ibit
1099 3488 1201 3552 aliter

210 3611 242 3658 to
257 3608 360 3672 quam
383 3589 571 3653 existimat.
625 3588 779 3654 Castella
804 3609 875 3654 non
898 3589 1032 3666 dedam,
1048 3587 1200 3670 sigillum

255 3709 326 3754 non
350 3690 557 3771 resignabo.'
610 3690 776 3772 Regressi
798 3692 842 3754 ab
868 3710 909 3754 eo
935 3688 1053 3754 nuncii
1073 3689 1200 3753 retule-

255 3797 337 3853 runt
351 3791 468 3854 comiti
479 3790 571 3872 quod
587 3798 805 3874 acceperant,
819 3791 879 3873 qui
892 3789 1059 3874 praecepit
1071 3789 1201 3853 arctius

255 3909 368 3954 arcem
381 3890 541 3955 obsideri.

290 4101 310 4134 1³
328 4105 440 4159 Quctaor
454 4102 579 4166 episcopi]
597 4101 717 4162 Namely,
778 4096 799 4129 ³³
824 4098 957 4161 Obsideri]
986 4097 1110 4148 Girnldus
1131 4097 1205 4147 Cam-

255 4174 297 4223 the
307 4175 412 4234 bishops
429 4174 458 4222 of
473 4173 586 4236 London,
604 4172 717 4232 Lincolu,
743 4170 841 4219 brensis
852 4170 922 4231 gives
940 4183 957 4218 a
973 4168 1089 4218 different
1099 4173 1207 4218 account

255 4245 423 4306 Winchester,
431 4244 481 4293 and
493 4244 626 4304 Covenny.
639 4241 717 4304 Angl.
744 4241 773 4289 of
780 4240 870 4290 John’s
881 4238 1207 4301 behaviour‚iusormiugus

254 4315 324 4367 Sacr.
338 4316 366 4366 ii.
378 4319 435 4366 398.
745 4311 800 4360 that
810 4311 842 4360 he
853 4325 907 4360 war
924 4324 952 4360 so
968 4309 1108 4360 induenced
1119 4310 1152 4370 by
1164 4309 1206 4358 tho
