3208 5036
397 453 440 516 10
655 469 841 518 nicaenus
865 469 1080 518 n1v1s1mvsrs

234 639 383 688 anama
397 626 512 709 apices
536 626 581 689 ad
611 645 781 690 summum
806 626 1010 690 Pontificem
1039 628 1076 691 in
1104 627 1346 691 attestationes

397 733 519 791 contra
532 726 719 790 monachos
733 727 941 810 impetravit.

290 833 386 924 fflgggrd
450 827 467 910 ξ
483 828 536 889 ll.
561 826 782 905 GodefriduS‚
795 826 1048 892 Wintoniensis
1064 827 1257 908 episcopuS,
1273 845 1345 889 suae

290 945 374 984 moner-
398 947 529 990 memor
550 926 784 1008 professionis,
807 928 962 992 sublatas
988 926 1141 990 ecclesiae
1169 945 1242 990 suae
1265 946 1344 1008 pos-

398 1028 568 1091 sessiones
598 1047 761 1092 revocare
789 1027 1012 1104 contendens
1042 1047 1120 1091 oum
1148 1028 1184 1090 in
1212 1027 1345 1090 duobus
1374 1050 1388 1091 5

397 1128 559 1192 maneriis
589 1129 673 1205 suis
704 1128 845 1206 scilicet,
877 1129 1021 1192 Meones
1056 1134 1091 1191 et
1119 1127 1345 1209 weregrava,

398 1237 519 1293 contra
543 1226 734 1293 Wintoniae
761 1229 1070 1292 ecclesiam'nemo
1094 1227 1153 1310 jus
1181 1227 1346 1291 reclama·

398 1329 502 1393 tionis
515 1327 669 1405 haberet,
683 1330 811 1411 recepit
839 1349 881 1392 ea
909 1328 1028 1392 ordine
1045 1327 1241 1412 judiciario,
1256 1327 1360 1414 datis

398 1429 472 1510 regi
501 1429 665 1492 secretius
689 1429 798 1492 tribus
828 1429 977 1492 millibus
1007 1429 1171 1492 librarum
1199 1428 1345 1510 argenti.

400 1528 476 1592 Nec
498 1527 625 1592 oblitus
652 1536 705 1593 est
729 1529 784 1592 vir
807 1529 1074 1611 circumspectus
1102 1549 1165 1610 pro
1195 1528 1347 1591 thesauri
1360 1550 1391 1595 ro

399 1628 552 1692 ecclesiae
580 1628 817 1706 indemnitate,
851 1650 915 1712 pro
943 1629 1149 1712 patrimonio
1180 1647 1256 1705 suo,
1283 1648 1346 1710 pro

399 1729 567 1792 comitatu
604 1728 815 1807 Hamtesire,
857 1750 920 1811 pro
958 1729 1115 1793 custodia
1156 1737 1347 1793 castrorum

399 1828 590 1894 Wintoniae
613 1836 648 1893 et
670 1829 908 1907 Porecestriae‚
930 1849 1001 1894 una
1029 1849 1134 1893 manu
1164 1848 1242 1892 cum
1267 1848 1347 1910 rege

399 1929 502 1994 finem
516 1928 639 1993 facere.
692 1930 739 1994 Et
760 1931 842 2012 quia
864 1929 1046 1994 reddendae
1065 1936 1175 1994 tantae
1192 1929 1347 2012 pecuniae

400 2036 535 2111 tempus
558 2031 723 2107 instabat,
747 2051 825 2094 cum
846 2030 937 2094 diem
958 2030 1067 2093 fixum
1089 2029 1253 2093 solutioni
1274 2031 1347 2092 sine
1360 2041 1391 2086 1⁵

400 2131 508 2194 totius
522 2131 668 2194 actionis
683 2131 886 2194 detrimento
909 2129 1105 2212 transgredi
1119 2150 1189 2193 non
1204 2129 1348 2206 valeret,

401 2237 436 2294 et
450 2230 597 2294 vicinius
623 2233 687 2294 sub
703 2232 792 2294 coelo
807 2231 997 2294 subsidium
1012 2251 1082 2294 non
1097 2230 1298 2307 invenisset,
1312 2230 1348 2292 in

401 2331 600 2394 thesaurum
633 2331 785 2395 ecclesiae
815 2326 887 2396 suae¹
912 2349 1052 2394 manum
1081 2330 1174 2394 misit
1195 2330 1347 2408 invitus;

402 2431 445 2494 ad
464 2432 556 2513 quod
575 2433 678 2495 etiam
701 2432 950 2496 restituendum
973 2451 1010 2494 se
1033 2438 1069 2494 et
1090 2440 1247 2513 posteros
1267 2449 1348 2495 suos

400 2530 580 2612 obligavit,
603 2551 729 2596 cavens
760 2533 945 2616 conventui
971 2531 1179 2614 cyrographi
1207 2530 1394 2613 sigillatim

401 2631 609 2695 testimonio.
676 2630 793 2695 Homo
822 2638 931 2696 tantae
958 2632 1183 2714 benignitatis
1212 2638 1247 2695 et
1275 2651 1348 2694 mo·

401 2731 533 2808 destiae,
548 2732 607 2814 qui
621 2751 684 2794 neo
698 2733 807 2794 iratus
823 2750 976 2813 unquam
997 2731 1127 2813 aliquid
1142 2733 1178 2795 in
1194 2732 1349 2795 subditos

401 2833 512 2914 egerit
524 2831 615 2913 quod
631 2852 701 2894 non
715 2830 885 2895 redoleret
897 2831 1205 2895 mansuetudinem.
1257 2830 1349 2894 Vere

402 2932 444 2995 de
464 2931 595 2995 familia
613 2931 705 2994 illius
728 2939 763 2995 et
785 2950 874 2994 unus
897 2952 942 2994 ex
964 2930 1200 3008 familiaribus
1216 2931 1258 2995 de
1281 2951 1349 3013 quo

402 3032 538 3108 dicitur,
554 3032 617 3095 sub
632 3051 700 3113 quo
714 3032 831 3095 vivere
845 3051 990 3112 regnare
1006 3037 1069 3094 est.
1362 3043 1393 3088 2⁵

454 3131 540 3214 §la
564 3131 705 3209 Omnes,
733 3132 857 3213 quibus
877 3132 1023 3213 pecunia
1053 3150 1117 3194 sua
1145 3131 1212 3194 suit
1241 3132 1348 3208 oneri,

403 3251 465 3294 rex
481 3230 725 3295 officiosissime
748 3233 961 3308 exoneravit,
984 3231 1120 3294 traditis
1142 3230 1283 3295 cuilibet
1305 3231 1348 3293 ad

402 3331 567 3414 placitum
589 3332 819 3413 potestatibus
842 3339 877 3395 et
898 3332 1172 3414 possessionibus
1187 3350 1274 3412 quas
1288 3330 1350 3394 eli-

404 3432 551 3512 gebant3
575 3432 665 3495 unde
689 3440 724 3496 et
746 3432 953 3515 quandoque
975 3432 1041 3494 sibi
1063 3431 1265 3495 familiarius
1294 3450 1349 3494 as·

403 3532 604 3595 sistentibus
619 3532 787 3609 alludens,
798 3533 835 3595 in
851 3531 916 3595 hoc
930 3532 1088 3614 prompit
1102 3531 1264 3608 eludium,
1293 3531 1350 3594 ‘Si
1364 3547 1396 3592 ao

403 3631 611 3695 invenissem
650 3638 814 3695 amtorem
853 3631 1082 3695 vendidissem
1112 3631 1350 3696 Londoniam.'

405 3730 574 3796 Poterant
586 3731 652 3795 hoc
662 3733 779 3809 verbo,
793 3733 861 3795 nisi
874 3732 1005 3796 tardius
1020 3732 1203 3809 evolasset,
1214 3732 1352 3814 plurimi

403 3833 613 3914 praemuniri,
643 3851 687 3894 ne
711 3832 815 3915 juxta
848 3832 1067 3914 proverbium
1086 3830 1273 3912 Anglicum
1302 3833 1352 3894 sic

404 3934 542 4014 sapiens
565 3933 711 3996 disceret
733 3939 904 3995 mercator
927 3931 1012 4008 fieri,
1027 3937 1158 3994 ‘emere
1181 3953 1244 4014 pro
1266 3933 1351 3995 duo-

403 4031 524 4110 decim,
540 4039 576 4096 et
589 4052 652 4114 pro
667 4052 737 4095 uno
754 4040 788 4096 et
803 4033 905 4095 semis
919 4031 1090 4096 vendere'

438 4183 568 4250 ⁸Recepit
583 4189 632 4251 ea]
671 4189 777 4248 Recepit
800 4204 865 4252 earn,
926 4185 948 4218 ⁹⁸
961 4189 1180 4253 Quosdigelunt]
1198 4191 1355 4252 Quaselige·

404 4257 507 4307 msc.
890 4261 943 4321 uu,
961 4260 1067 4310 use.
