2918 4874
322 420 366 481 40
582 434 768 483 nicaenos
792 435 1008 482 nrvrsrrnsrs

161 598 313 649 aanor
377 594 463 678 §52
488 594 723 659 Cancellarius
748 594 791 657 ad
815 594 980 677 majorem
1000 599 1135 675 partem
1150 593 1274 671 noctis

164 693 315 783 igffiggn
327 694 427 782 (quia
451 697 511 778 qui
535 716 605 759 non
628 695 777 759 intendit
799 696 950 758 animum
970 694 1093 757 studiis
1113 701 1149 757 et
1171 694 1273 757 rebus
1360 754 1363 759 .

327 795 481 860 honestis
494 796 625 861 invidia
638 796 691 859 vel
705 815 821 859 amore
836 795 921 877 vigil
936 791 1182 877 torquebitur,)
1197 804 1274 859 erat

327 897 516 976 insomnis;
547 904 583 961 et
605 917 682 960 eum
711 897 848 960 interim
878 897 933 958 sui
960 895 1038 978 plus
1066 895 1275 977 torquebant

329 1017 432 1079 quam
447 997 670 1074 conscientia,
684 1005 847 1078 rogantes
867 1005 945 1060 cum
964 995 1114 1059 lacrimis
1128 995 1274 1079 pedibus
1304 1011 1320 1056 s

329 1098 404 1183 ejus
419 1099 605 1180 provoluti,
617 1105 657 1162 ut
669 1098 867 1161 necessitati
882 1096 1030 1173 cederet,
1045 1104 1080 1160 et
1095 1116 1138 1159 ne
1152 1104 1275 1161 contra

328 1205 516 1262 torrentem
529 1198 670 1262 brachia
682 1197 850 1261 tenderet.
903 1196 1087 1261 Emollitnr
1105 1197 1163 1260 ille
1183 1196 1275 1262 serro

329 1298 446 1361 durior
458 1298 503 1361 ad
517 1300 710 1380 gemituosa
726 1299 873 1362 concilia
888 1297 1192 1376 circumflantium
1209 1298 1274 1362 ite·

330 1419 406 1462 rum
415 1400 583 1462 etiterum
594 1399 812 1462 exanimatus
823 1418 896 1481 prae
907 1399 1050 1462 tristitia
1059 1398 1102 1462 ad
1115 1398 1275 1462 ultimum

329 1499 391 1563 rix
411 1499 587 1582 adquievit
607 1499 692 1576 fieri,
712 1500 804 1581 quod
824 1500 919 1562 omni
936 1500 1121 1563 destitutus
1144 1500 1321 1564 auxiliare

329 1599 442 1663 facere
455 1601 654 1681 cogebatur.
707 1599 807 1663 Unus
823 1620 868 1663 ex
882 1599 1045 1664 fratribus
1064 1599 1139 1684 ejus
1154 1608 1190 1664 et
1204 1608 1276 1664 tres

330 1721 408 1763 cum
430 1720 472 1764 eo
494 1721 564 1764 non
586 1701 755 1782 ignobiles
772 1701 942 1783 permissi,
964 1721 1034 1764 non
1055 1701 1163 1777 missi,
1186 1721 1274 1764 nun-

330 1802 510 1864 ciaverunt
530 1802 607 1884 ipsa
628 1802 715 1865 hora
737 1802 848 1865 noctis
870 1802 988 1866 comiti
1010 1801 1275 1880 Cancellarium‚

330 1920 545 1987 quocumque
560 1923 630 1966 non
645 1901 749 1966 refert
771 1903 899 1979 animo,
922 1902 1084 1985 quicquid
1099 1903 1275 1984 provisum

330 2009 394 2080 est,
410 2004 483 2085 pati
507 2011 543 2066 et
567 2023 670 2085 agere
695 2010 867 2085 paratum.
919 2003 1038 2066 Tollat
1051 2022 1177 2080 morae,
1193 2005 1320 2086 quials
1403 2000 1410 2007 “

329 2102 465 2184 semper
479 2105 598 2167 nocuit
613 2103 748 2167 differre
763 2104 906 2186 paratis
953 2104 997 2167 ln
1012 2104 1164 2168 crastino
1178 2103 1276 2169 fieret

330 2222 374 2266 ne
388 2205 468 2267 talis
482 2224 520 2268 se
533 2211 658 2268 ventus
674 2205 880 2282 obverterat,
900 2210 940 2267 ut
954 2204 1147 2268 differretur
1161 2204 1197 2268 in
1212 2224 1275 2268 an-

329 2324 423 2367 num.
476 2305 715 2369 Revertantur
734 2306 794 2368 isti
817 2307 854 2369 in
880 2325 1005 2382 arcem,
1029 2313 1065 2369 et
1087 2313 1172 2370 nota
1194 2305 1276 2371 feeit

329 2412 411 2468 ante
426 2405 516 2470 diem
529 2406 597 2470 ista
610 2406 685 2470 fieri
699 2425 812 2470 comes
828 2406 893 2470 sibi
908 2407 1212 2472 consentientibus

169 2511 292 2560 ammae
381 2505 398 2587 ᾗ
413 2506 467 2569 53.
481 2505 658 2570 Oceanum
673 2507 806 2570 interea
818 2526 965 2570 nascens
976 2505 1114 2571 Aurora
1124 2507 1274 2591 reliquit,
1287 2523 1321 2569 ao

167 2563 492 2670 ldffa‘l502t00mes
514 2626 592 2670 cum
617 2614 692 2671 tota
717 2607 858 2671 cohorte
882 2627 947 2671 sua
970 2608 1080 2672 exivit
1102 2609 1139 2671 in
1161 2609 1274 2691 plani-

171 2663 302 2704 cmm
328 2706 423 2784 tiam,
439 2727 516 2790 quae
532 2716 586 2771 est
605 2716 706 2773 extra
719 2708 918 2772 Londonias
941 2708 986 2772 ad
1005 2709 1184 2786 orientem,
1197 2716 1274 2774 orto

325 2806 400 2890 jam
415 2808 509 2888 sole3
532 2809 629 2872 venit
646 2809 729 2872 illuc
752 2817 787 2873 et
804 2808 1052 2886 CancellariuS,
1077 2809 1136 2873 sed
1160 2810 1274 2873 minus

328 2927 430 2971 mane
444 2929 548 2992 quam
563 2909 762 2973 adversarii.
814 2909 1017 2974 'senuerunt
1034 2909 1184 2993 majores
1202 2930 1274 2974 me-

329 3007 434 3086 dium,
446 3010 538 3074 circa
547 3030 635 3092 quos
649 3010 808 3092 proxima
821 3010 887 3075 fuit
896 3030 1025 3074 corona
1036 3009 1223 3090 Quiritum,
1237 3019 1273 3076 et
1285 3030 1320 3075 2⁵

328 3110 477 3191 populus
498 3119 660 3193 spectans
683 3119 758 3175 erat
783 3111 954 3188 deorsum,
970 3119 1010 3175 ut
1025 3112 1272 3190 aestimabatur,

328 3210 372 3272 ad
391 3211 509 3275 decem
528 3212 636 3275 millia
655 3211 841 3276 hominum.
894 3209 1107 3294 Aggreditur
1128 3211 1272 3277 Cancel-

327 3308 452 3375 larium
475 3313 605 3394 primus
629 3312 874 3376 coventrensis
902 3313 1095 3395 episcopus,
1117 3314 1273 3396 singulas

328 3413 567 3476 accusationes
582 3412 650 3476 diei
668 3414 854 3494 praeteritae
872 3420 1077 3491 retractans
1091 3422 1126 3478 et
1145 3414 1188 3477 de
1208 3433 1273 3480 suo

328 3528 464 3594 semper
493 3512 623 3595 aliquid
652 3512 828 3595 adjiciens.
892 3513 1002 3577 ‘Non
1035 3515 1112 3591 est,'
1146 3515 1272 3597 inquit,
1285 3533 1318 3580 so

328 3612 479 3676 ‘decens
515 3632 578 3676 nec
614 3612 804 3691 tolerabile,
833 3621 873 3678 ut
902 3615 1004 3677 unius
1042 3615 1122 3678 talis
1159 3617 1272 3698 qualis

326 3711 468 3793 ignavia
493 3721 547 3778 tot
567 3714 660 3777 viros
682 3715 815 3778 nobiles
840 3722 876 3778 et
896 3715 1114 3779 honorabiles
1138 3715 1180 3779 de
1200 3725 1272 3781 tam

326 3816 466 3877 remotis
503 3815 660 3897 partibus
701 3816 805 3879 toties
843 3815 950 3878 faciat
988 3817 1171 3879 convenire
1208 3837 1272 3900 pro

325 3913 443 3978 nihilo.
496 3915 542 3980 Et
568 3917 649 3997 quia
672 3916 793 3979 melius
821 3923 873 3980 est
900 3916 1005 3979 semel
1032 3916 1147 3980 dolere
1168 3938 1277 3999 quam-

322 4098 496 4156 explanations
506 4098 557 4146 and
567 4101 688 4160 promises
699 4101 728 4149 os
740 4102 782 4149 the
809 4101 907 4150 serenae
918 4102 947 4150 of
954 4102 996 4149 the
1008 4102 1157 4164 archbisbop
1164 4102 1193 4151 of
1202 4105 1273 4153 York

322 4166 471 4215 Chancellor
487 4168 541 4216 that
562 4168 594 4218 he
613 4171 699 4219 would
718 4172 781 4221 have
808 4173 858 4220 and
869 4172 911 4220 the
922 4171 1011 4232 bishop
1023 4172 1052 4220 of
1061 4173 1194 4234 Corentry.
1218 4176 1270 4225 vit.

321 4237 405 4284 raised
416 4236 458 4285 the
469 4238 548 4300 siege,
555 4240 602 4289 but
608 4239 647 4289 for
654 4241 696 4289 the
707 4243 782 4291 inter·
807 4242 886 4291 Gaul.
898 4243 1019 4304 Archiep.
1032 4243 1107 4292 Ebor.
1119 4244 1146 4292 ii.
1159 4249 1183 4294 9.
