3208 5036
401 469 448 515 nn
472 467 588 516 nunus
613 467 735 516 eusrrs
761 469 914 516 uranum
940 471 1056 520 parur.
1159 452 1201 522 61

250 647 314 692 sua
337 627 423 693 vitia
448 635 483 692 et
508 646 589 692 suos
615 646 728 692 mores
753 628 831 692 urbi
848 627 978 693 intulit.
1032 627 1146 694 Nemo
1167 630 1205 692 in
1215 646 1369 697 nnuma.

251 750 293 794 ea
307 729 381 793 sine
404 728 648 820 crimine-vivit
662 749 671 809 3
695 749 765 793 non
781 730 891 793 omnis
909 731 946 793 in
961 731 1115 794 carious
1135 751 1206 795 non

252 830 406 894 abundat
418 829 575 894 tristibus
590 829 747 894 obscenis
761 850 769 909 ;
794 849 835 894 eo
850 830 898 894 ibi
912 831 1068 914 quisquis
1083 831 1205 895 melior

253 939 317 1008 est,
333 950 401 1014 quo
415 930 519 994 fuerit
536 930 648 1015 major
660 931 696 993 in
708 931 856 1011 scelere3
881 951 950 995 non
965 932 1088 1013 ignoro
1105 952 1207 1014 quem

225 1031 398 1097 uinstruo.
450 1028 572 1095 Habes
602 1050 708 1114 supra
735 1037 831 1094 tuam
864 1038 1003 1095 aetatem
1036 1031 1206 1097 fervorem

254 1132 396 1214 ingenii,
418 1131 644 1214 frigiditatem
664 1132 849 1210 memoriae,
874 1152 918 1196 ex
940 1133 1103 1216 utrinque
1124 1153 1207 1196 con-

255 1233 382 1310 trariis,
398 1233 662 1316 temperantiam
683 1233 838 1297 rationis.
892 1232 990 1296 Nihil
1012 1232 1055 1296 de
1074 1239 1109 1296 ῖθ
1123 1234 1207 1298 mihi

256 1341 385 1409 metuo,
413 1334 481 1396 nisi
515 1352 594 1396 cum
621 1332 710 1396 male
739 1333 934 1398 viventibus
967 1335 1205 1414 commoreris3

257 1455 302 1498 ex
325 1434 487 1499 convictu
509 1435 600 1497 enim
622 1453 735 1498 mores
749 1433 951 1500 formantur.
1004 1434 1102 1512 Esto,
1119 1442 1206 1501 estc.

212 1547 244 1594 1o
259 1534 456 1598 Londonias
470 1535 599 1598 venies
652 1534 761 1598 Ecce!
784 1535 935 1618 praedico
954 1535 1029 1614 tibi,
1045 1536 1207 1619 quicquid

256 1636 293 1699 in
308 1635 465 1718 singulm,
481 1634 642 1718 quicquid
663 1635 700 1698 in
721 1636 902 1713 universis,
917 1636 1074 1719 partibus
1089 1637 1209 1701 mundi

258 1736 341 1800 mali
354 1736 410 1800 vel
424 1736 565 1800 malitiae
588 1742 653 1813 est,
666 1737 703 1800 in
718 1755 788 1800 una
802 1736 863 1800 illa
885 1737 1025 1801 civitate
1046 1739 1207 1820 reperies.

260 1835 439 1901 Lenonum
460 1837 583 1901 choros
607 1856 678 1900 non
696 1835 813 1914 adeas,
833 1855 1020 1918 ganearum
1045 1839 1207 1920 gregibus

260 1956 329 2001 non
354 1938 599 2017 immiscearis3
622 1937 695 2001 vita
718 1936 850 2000 thalum
874 1944 909 2001 et
932 1943 1110 2015 tesseram,
1132 1938 1209 2003 the-

214 2046 374 2102 matrum
400 2045 436 2102 et
464 2039 654 2102 tabernam.
707 2036 830 2100 Plures
857 2036 905 2100 ibi
931 2055 1035 2119 quam
1063 2038 1099 2100 in
1133 2045 1209 2103 tota

262 2137 379 2203 Gallia
397 2139 578 2203 thrasones
599 2137 761 2214 offendes
782 2138 996 2220 gnathonum
1017 2145 1132 2202 autem
1155 2140 1210 2203 in·

261 2239 378 2303 finitus
406 2246 461 2303 ast
492 2257 665 2303 numerus.
719 2237 929 2316 Histriones‚
964 2257 1105 2317 scurrae,
1133 2241 1208 2321 gla-

261 2340 410 2418 brioneS,
425 2346 658 2422 garamantes,
677 2339 855 2422 palponeS,
879 2339 1053 2422 pusiones,
1076 2341 1208 2419 molleS,

262 2441 469 2518 mascularii,
492 2440 695 2516 ambubaiae,
718 2440 1006 2523 pharmacopolae,
1027 2441 1208 2520 crissariae,

215 2541 475 2624 aophitonissae,
501 2541 697 2618 vultuariae,
720 2541 926 2622 noctivagae,
962 2541 1067 2624 magi,
1102 2543 1208 2621 mimi,

262 2641 420 2719 mendici,
443 2641 677 2717 balathrones‚
699 2640 764 2704 hoc
788 2661 897 2722 genus
917 2661 1017 2706 omne
1040 2650 1132 2707 totas
1155 2665 1209 2708 re-

261 2742 399 2825 plevere
425 2743 555 2807 domos.
608 2741 715 2822 Ergo,
731 2743 761 2806 si
777 2742 927 2807 nolueris
952 2741 1108 2807 habitare
1130 2764 1208 2807 cum

262 2844 431 2925 turpibus,
454 2863 524 2907 non
546 2842 718 2906 habitabis
735 2842 935 2907 Londoniis.
989 2843 1072 2907 Non
1085 2843 1210 2926 loquor

165 2929 171 2940 ’
261 2945 298 3007 in
320 2944 477 3008 literatos
493 2944 549 3008 vel
563 2943 755 3024 religiosos,
777 2943 850 3006 sive
864 2942 1027 3022 Judaeos3
1049 2945 1209 3025 quamvis

218 3065 251 3112 aa
263 3052 298 3109 et
320 3064 365 3108 ex
386 3045 463 3127 ipsa
484 3044 738 3108 cohabitatione
752 3044 931 3120 malorum,
946 3044 1059 3106 minus
1082 3064 1141 3109 eos
1162 3045 1210 3109 ibi

263 3165 366 3228 quam
385 3145 468 3210 alibi
480 3144 681 3209 crediderim
694 3163 769 3207 esse
783 3143 967 3226 perlectos..

315 3245 400 3329 §SL
424 3246 521 3310 ‘Nec
546 3266 587 3310 eo
611 3245 725 3328 pergit
749 3244 872 3319 oratio,
894 3251 934 3308 ut
957 3243 994 3307 in
1019 3244 1151 3307 nullam
1173 3252 1208 3308 te

262 3348 408 3429 recipias
424 3347 611 3422 civitatem,
626 3365 704 3408 cum
716 3365 792 3408 meo
802 3343 945 3408 consilio
961 3350 1132 3426 nusquam
1145 3345 1209 3408 tibi

264 3448 310 3511 sit
334 3448 401 3510 nisi
423 3447 461 3511 in
482 3449 566 3510 urbe
588 3446 807 3522 manendum,
823 3444 928 3509 refert
941 3451 1058 3508 tamen
1074 3445 1112 3508 in
1126 3464 1206 3528 qua.

151 3535 156 3541 ⁵
217 3566 251 3612 ao
264 3547 301 3611 Si
315 3548 421 3629 igitur
441 3548 533 3611 circa
548 3546 771 3611 cantuariam
787 3546 972 3630 appuleris,
987 3547 1053 3610 iter
1067 3546 1208 3610 habebis
1220 3561 1356 3612 canarno.

263 3648 405 3730 perdere
417 3667 428 3727 3
452 3649 482 3712 si
496 3648 553 3713 vel
567 3666 717 3731 peream
731 3648 920 3713 transieris.
972 3647 1065 3712 Tota
1080 3655 1134 3711 est
1147 3648 1210 3711 illa

263 3749 475 3831 perditorum
489 3748 646 3812 collectio
661 3748 705 3811 ad
722 3767 821 3812 suum
845 3748 962 3812 nescio
977 3767 1076 3830 quem
1100 3767 1211 3831 nuper

262 3849 470 3926 deificatum,
496 3849 555 3933 qui
576 3849 689 3912 fuerat
703 3847 902 3912 Cantuariae
923 3847 1209 3930 archipresbyter,

263 3950 355 4032 quod
375 3950 504 4033 passim
523 3969 595 4032 prae
614 3949 732 4030 inopia
746 3948 846 4030 panis
861 3954 895 4010 θῖ
909 3948 984 4011 ocio
1000 3967 1062 4030 per
1075 3948 1209 4030 plateas

218 4067 249 4113 aa
264 4051 458 4114 moriuntur
488 4050 532 4113 ad
560 4049 678 4113 solem.
731 4047 957 4130 Rouecestria
980 4055 1015 4112 et
1042 4046 1344 4120 Cicestrianoaener,

264 4151 368 4215 viculi
390 4157 483 4228 sunt,
507 4157 543 4214 et
564 4168 626 4213 cur
646 4148 805 4213 civitates
824 4147 893 4211 dici
915 4147 1063 4211 debeant
1083 4156 1210 4230 praeter
1222 4123 1350 4174 ⁰¹¹¹⁰¹¹⁸⁸⁸⁰l

262 4252 362 4315 sedes
391 4251 568 4316 flaminum
604 4248 689 4313 nihil
708 4249 927 4314 obtendunt.
981 4247 1120 4313 Oxonia
1148 4249 1209 4314 vix
1223 4273 1309 4322 onon,
