3208 5036
394 485 440 530 nn
464 484 580 534 nunus
603 485 725 532 onsrrs
749 485 901 532 mcnnnr
928 487 1043 533 Parui.
1153 469 1196 532 13

245 643 380 707 nescius
409 663 485 706 cum
517 662 586 724 quo
615 642 822 724 loquebatur
852 643 981 708 effudit.
1049 644 1092 706 In
1129 643 1358 714 fineA.n.1roo.

245 745 428 809 verborum
465 743 566 807 clava
602 741 775 824 profertur
812 745 918 807 verba
952 744 1196 822 determinans,

245 863 344 908 sacra
357 844 449 926 regis
462 842 650 907 reverenda
664 843 765 905 nimis
781 843 958 906 recitanda
971 853 1195 909 monstratur.

247 944 451 1008 Parturiunt
465 951 611 1020 monteS,
625 944 779 1006 nascitur
793 944 957 1008 ridiculus
971 965 1058 1008 mus.
1111 945 1135 1009 J
1137 965 1195 1009 us·
1287 956 1290 962 '

218 1059 322 1108 ⁵sum
341 1053 395 1108 est
414 1044 459 1107 ad
479 1045 570 1126 regis
590 1044 791 1107 mandatum
810 1064 979 1107 summum
999 1046 1073 1108 fieri
1093 1045 1196 1109 silen-

246 1147 353 1225 tium;
378 1145 572 1209 conticuere
591 1163 710 1208 omnes
730 1145 922 1226 intentique
940 1165 1002 1209 ora
1020 1147 1195 1209 tenebant.

247 1245 406 1328 Epistola
428 1245 557 1326 legitur
577 1245 613 1306 in
637 1244 787 1326 publico,
811 1264 888 1326 quae
912 1246 990 1328 plus
1012 1246 1197 1309 metuenda

246 1346 335 1410 foret
358 1346 388 1408 si
413 1345 566 1409 nondum
587 1345 679 1408 lecta
692 1344 836 1423 fuisset3
861 1344 905 1407 ad
919 1345 1039 1409 audita
1052 1346 1196 1409 callidus

246 1446 303 1508 ille
330 1446 447 1509 dolum
476 1445 692 1508 dissimulare
721 1445 853 1527 peritus
882 1445 1017 1520 distulit
1044 1447 1080 1508 in
1108 1446 1196 1511 diem

203 1557 235 1602 1⁰
247 1546 430 1628 septimum
459 1546 677 1628 respondere,
706 1545 821 1609 locum
848 1545 1010 1628 colloquii
1039 1553 1197 1610 statuens

247 1646 339 1728 apud
375 1645 565 1710 Tikehelle.
632 1646 700 1708 Die
737 1647 915 1710 nominato
952 1646 1197 1711 Dunelmensis

246 1733 342 1810 venit
355 1747 399 1809 ad
415 1754 578 1823 castrum,
594 1747 734 1827 suisque
749 1746 858 1830 jussis
874 1745 1091 1828 praeforibus
1107 1768 1196 1829 prae-

246 1847 377 1923 stolari,
400 1847 485 1911 satis
508 1846 602 1910 solus
631 1846 823 1928 ingreditur
850 1846 894 1909 ad
923 1845 1195 1927 cancellarium

246 1948 306 2028 qui
332 1947 427 2029 prius
457 1954 614 2010 tacuerat
641 1947 735 2029 prior
758 1947 922 2029 loquitur,
949 1947 1110 2029 cogitque
1137 1948 1195 2011 de-

204 2060 233 2104 15
246 2055 383 2129 ceptum
420 2048 592 2129 posterius
627 2047 828 2128 impetratas
865 2046 1035 2128 prioribus
1075 2056 1196 2111 contra

246 2147 408 2229 quicquid
439 2154 640 2229 speraverat
661 2147 779 2210 literas
802 2147 940 2229 proprio
961 2167 1019 2211 ore
1039 2147 1195 2212 recitare.

247 2247 470 2330 Respondere
482 2247 621 2329 paranti
634 2247 793 2331 subjecit,
814 2253 823 2280 ‘
835 2246 963 2324 Pridie,
973 2255 1007 2311 te
1020 2247 1195 2330 loquente,

246 2347 312 2411 fuit
326 2347 410 2411 mihi
424 2355 560 2430 tempus
576 2347 725 2424 tacendi,
740 2367 832 2410 nunc
852 2355 892 2410 ut
906 2348 1036 2412 sentias
1052 2348 1146 2429 quia,
1161 2356 1196 2412 te

160 2449 162 2452 ’
246 2456 395 2526 tacente,
419 2448 583 2530 loquendi
603 2455 739 2530 tempus
765 2448 901 2529 accepi3
925 2448 1013 2512 vivit
1037 2449 1195 2512 dominus

201 2569 234 2614 no
247 2568 342 2612 meus
358 2569 431 2626 rex,
447 2570 517 2613 non
532 2548 717 2630 egredieris
734 2547 814 2611 hinc
834 2548 942 2611 donec
957 2548 999 2612 de
1014 2549 1195 2612 reddendis

246 2648 329 2712 mihi
343 2650 466 2713 castris
487 2649 645 2713 omnibus
668 2667 746 2730 quae
770 2656 867 2712 tenes
891 2648 1024 2712 dederis
1046 2650 1195 2727 obsides,

247 2750 409 2831 quoniam
424 2769 489 2831 ego
509 2757 544 2812 te
567 2748 665 2831 capio
689 2769 759 2813 non
782 2748 910 2831 praesul
926 2750 1120 2830 praesulem,
1135 2751 1194 2814 sed

248 2848 483 2914 Cancellarius
520 2848 797 2913 Cancellarium.’
858 2848 941 2913 Non
962 2849 1029 2912 fuit
1050 2851 1194 2914 circum-

247 2957 351 3014 vento
381 2951 578 3015 constantia
606 2949 787 3013 resistendi
820 2969 884 3012 nec
913 2949 1085 3029 facultas3
1123 2958 1194 3015 tra·

200 3067 232 3113 25
247 3050 376 3114 duntur
388 3050 536 3127 obsides,
550 3057 597 3127 et,
610 3049 692 3113 dato
706 3050 865 3126 termino,
877 3057 992 3114 castra
1007 3051 1196 3115 redduntur

246 3150 290 3213 ad
320 3151 476 3214 obsidum
505 3151 722 3215 solutionem.
780 3149 976 3213 Willelmus
1004 3151 1195 3233 Wigorniae

245 3251 438 3333 episcopus
459 3251 519 3333 qui
543 3251 744 3314 Baldewino
768 3250 946 3332 proximus
970 3260 1195 3329 successerat,

245 3351 337 3414 viam
351 3353 521 3416 universae
535 3351 649 3414 carnis
663 3351 839 3432 ingressus
853 3357 917 3414 est.

297 3451 314 3534 §
328 3451 382 3515 16.
406 3452 577 3516 Dominus
588 3450 851 3527 Wintoniensis,
865 3451 1001 3514 demum
1016 3452 1194 3516 convales·
1208 3467 1329 3558 3333&

201 3570 233 3615 so
245 3570 326 3614 cens
335 3552 371 3615 in
378 3550 677 3629 Neustria,volens
686 3557 721 3615 et
728 3551 803 3633 ipse
811 3551 877 3615 sibi
887 3552 1025 3616 sublate
1032 3553 1195 3636 recipere,
1208 3569 1287 3616 ceter

245 3652 339 3714 omni
352 3672 421 3734 qua
434 3654 548 3735 potuit
561 3651 735 3716 celeritate
754 3671 931 3732 regressus
950 3653 1083 3717 invenit
1103 3653 1194 3717 Can-

245 3751 420 3815 cellarium
429 3754 642 3816 obsidentem
651 3759 802 3816 castrum
812 3751 1047 3817 Gloecestriae.
1085 3752 1194 3837 Cujus

245 3850 397 3917 adventu
421 3853 573 3934 cognito,
589 3851 825 3916 Cancellarius
840 3853 1059 3934 progreditur
1072 3854 1194 3917 obvius

245 3951 409 4030 venienti,
424 3953 673 4036 complexoque
696 3953 825 4016 arctius
848 3959 883 4016 et
906 3951 1116 4029 deosculato,
1132 3954 1193 4030 ait,

200 4073 230 4118 as
246 4050 401 4134 ‘Optato
428 4053 611 4130 advenisti,
641 4051 837 4115 carissime!
862 4051 1031 4114 obsidioni
1059 4052 1193 4116 instan-

280 4250 301 4283 ῃ
319 4254 687 4318 GemelloriasCuncellurtom.]
706 4235 1066 4312 Cancellariuscastellanum,
1077 4254 1136 4304 MS.
1144 4255 1177 4303 P.
