3208 5036
413 1079 711 1156 RICARDUS
738 1080 1076 1156 DIVISIENSIS

265 1347 344 1419 DE
359 1347 543 1424 REBUS
558 1347 750 1424 GESTIS
769 1346 1017 1421 RICARDI
1032 1347 1213 1421 PRIMI.

489 1648 595 1698 ANNO
612 1648 753 1698 DOMINI
769 1648 808 1697 M.
810 1647 839 1698 C.
842 1647 991 1700 LXXXIX.

316 1788 380 1871 §Pa
403 1786 513 1852 Anno
532 1789 639 1870 igitur
658 1788 702 1852 ab
722 1789 960 1852 incarnatione
975 1789 1119 1853 Domini
1138 1790 1214 1853 mil·
1226 1802 1297 1908 A5.1)
1304 1806 1376 1853 1189.

237 1888 385 1954 slesimo
413 1890 600 1952 centesimo
623 1889 834 1971 octogesimo
853 1909 957 1966 nono,
979 1889 1150 1954 Ricardus
1170 1911 1250 1960 exo
1228 1868 1337 1960 ffiiitioii
1344 1881 1378 1910 ω

267 1986 409 2052 Alienor
428 1988 518 2052 filius
538 1990 629 2071 regis
651 1988 797 2052 Henrioi
815 1989 968 2066 secundi,
992 1989 1099 2053 frater
1123 1992 1214 2072 regis

266 2088 411 2152 Heurici
425 2090 529 2166 tertii,
541 2097 760 2153 consecratus
775 2089 851 2152 est
842 2109 878 2152 m
894 2109 1009 2172 regem
1020 2087 1215 2171 Anglorum

264 2189 497 2252 aBaldewiuo
508 2189 764 2272 archiepiscopo
773 2187 984 2267 Cantuariae,
996 2190 1088 2271 apud
1096 2189 1215 2255 West-

264 2289 521 2366 monasterium,
541 2290 644 2353 tertio
666 2308 776 2352 nonas
797 2289 1017 2370 Septembris,
1042 2289 1080 2371 [3
1100 2289 1213 2371 Sept.]

221 2412 252 2456 io
266 2389 397 2453 Eodem
419 2390 653 2454 coronationis
676 2389 742 2466 die,
758 2391 850 2452 circa
863 2390 958 2453 illam
973 2390 1214 2456 sollemnitatis

265 2489 385 2553 horam
408 2509 477 2572 qua
501 2490 611 2553 Filius
633 2490 876 2553 immolabatur
892 2488 1001 2567 Patri,
1024 2491 1215 2574 incoeptum

265 2591 376 2654 estin
398 2590 539 2654 civitate
554 2590 744 2654 Londoniae
766 2591 943 2654 immolare
958 2590 981 2654 J
984 2590 1102 2655 udaeos
1124 2593 1216 2674 patri

264 2690 510 2770 sucdiab0103
534 2698 702 2772 tantaque
728 2691 794 2755 fuit
820 2691 923 2774 hujus
951 2692 1092 2755 celebris
1119 2711 1216 2755 mora

264 2791 432 2874 mysterii,
446 2799 486 2855 ut
500 2791 562 2855 vix
577 2791 686 2854 altera
701 2791 755 2854 die
770 2792 934 2874 compleri
952 2791 1104 2874 potuerit
1118 2791 1215 2855 holo·

220 2913 251 2958 15
264 2899 433 2955 caustum.
486 2892 674 2956 AEmulatae
695 2899 778 2955 sunt
792 2891 871 2957 aliae
885 2892 1043 2956 civitates
1065 2891 1215 2973 regionis

264 2998 300 3055 et
321 2993 423 3055 urbes
446 2991 548 3056 fidem
572 2990 877 3068 Londoniensium,
893 2999 928 3055 et
942 2991 1017 3073 pari
1032 2991 1215 3056 devotione

264 3111 345 3156 suos
368 3093 599 3173 sanguisugas
614 3110 692 3155 cum
708 3091 877 3172 sanguine
891 3091 1157 3156 transmiserunt
1171 3091 1215 3154 ad

263 3190 426 3254 infernos.
478 3188 632 3273 Aliquid,
656 3190 718 3253 sed
741 3191 970 3274 inaequaliter,
1000 3211 1041 3254 ea
1066 3200 1214 3275 tempes-

265 3298 337 3356 tate
360 3298 481 3356 contra
495 3291 646 3373 perditos
662 3300 822 3373 paratum
845 3296 898 3354 est
919 3292 1045 3374 ubique
1060 3312 1122 3373 per
1136 3312 1214 3373 reg-

220 3410 252 3454 ao
265 3412 358 3468 uum,
389 3392 464 3455 sola
485 3397 621 3455 tantum
644 3392 715 3454 suis
738 3391 909 3454 vermibus
937 3392 1090 3473 pepercit
1113 3390 1214 3455 Win-

265 3493 373 3569 tonia,
403 3492 551 3574 populus
581 3492 731 3573 prudens
762 3499 798 3556 et
824 3491 988 3574 providus
1023 3511 1063 3554 ac
1092 3492 1215 3555 civitas

266 3610 399 3673 semper
415 3592 562 3656 civiliter
576 3611 694 3674 agens,
748 3591 846 3655 Nihil
860 3611 1012 3674 uuquam
1032 3593 1104 3674 egit
1126 3612 1215 3674 prae-

265 3711 421 3773 propere,
437 3691 522 3755 nihil
537 3693 615 3775 plus
627 3700 782 3756 metuens
795 3712 900 3774 quam
911 3693 1090 3775 poenitere,
1102 3712 1216 3755 rerum

265 3791 380 3855 exitus
408 3793 558 3856 aestimat
588 3801 669 3855 ante
696 3793 876 3875 principia.
938 3792 1062 3855 Noluit
1083 3790 1215 3872 indige-

518 4079 605 4126 Nones
622 4090 673 4125 nuo
688 4077 805 4125 various
820 4075 960 4124 Rmnrnos.

300 4170 311 4202 ⁶
328 4173 407 4235 Regis
414 4172 617 4234 Henrieitertii]
630 4172 728 4234 Henry,
754 4172 780 4219 iu
791 4171 834 4220 the
851 4171 922 4232 early
933 4170 1078 4220 Chronicles
1094 4169 1145 4218 and
1162 4183 1220 4217 con·

265 4258 310 4291 ιοιι
321 4243 350 4291 oi
358 4243 428 4305 King
440 4244 529 4304 Henry
536 4243 578 4291 tlre
589 4242 696 4303 Second,
707 4243 729 4291 is
754 4246 945 4303 temporaneous
956 4242 1025 4290 State
1037 4242 1143 4306 Papors.
1177 4239 1219 4288 He

265 4313 408 4375 frequently
416 4315 499 4375 styled
508 4314 597 4374 Henry
603 4313 646 4362 the
652 4312 730 4361 Third
755 4312 815 4362 died
827 4313 853 4361 in
865 4316 937 4363 1183.
