3208 5036
419 445 466 491 on
488 444 605 494 nasus
628 445 750 494 ossus
774 446 927 495 1111111101
951 447 1068 495 1111111.
1174 431 1217 496 71

266 621 370 686 quam
390 603 594 668 metuendus
614 610 650 670 et
662 603 730 686 ipsi
744 603 819 686 regi
834 604 992 670 Franciae
1008 612 1043 670 et
1058 607 1216 672 omnibus
1228 609 1378 663 Adi-11⁰2·

266 703 357 768 circa
386 702 472 768 fines
499 722 580 768 suos
609 705 782 772 exstiterit
815 711 982 770 terrarum
1012 708 1214 774 rectoribus.

267 803 303 868 N
304 804 395 868 ullus
413 803 456 868 de
478 823 542 869 suo
559 805 626 868 sibi
742 854 753 882 ,
773 805 833 869 ille
855 826 937 872 vero
953 808 1117 873 terminos
1132 828 1215 880 suos

266 922 400 988 semper
422 905 583 970 dilatavit
602 906 640 969 in
670 906 858 989 proximos.
910 906 946 971 N
948 926 986 970 ec
1018 927 1081 972 nos
1111 909 1215 975 latuit

236 1006 356 1090 equod
378 1005 524 1072 duorum
538 1003 683 1070 fratrum
703 1026 854 1084 suorum,
879 1026 986 1073 unum
1005 1007 1080 1090 jam
1100 1009 1136 1074 in
1158 1031 1212 1075 re·

266 1126 343 1188 gem
363 1113 577 1184 coronatum,
595 1107 741 1172 alterum
755 1107 832 1192 jam
850 1107 997 1172 Minoris
1019 1109 1212 1176 Britanniae

265 1208 437 1287 comitem,
462 1208 544 1291 quia
566 1225 604 1272 se
629 1216 751 1273 contra
772 1209 911 1274 beatum
935 1215 1070 1291 patrem
1091 1229 1211 1278 erexe-

264 1315 354 1386 rant,
384 1329 455 1374 non
483 1308 616 1374 destitit
633 1308 714 1393 jure
736 1308 863 1375 Martis
891 1309 1076 1393 impetero;
1102 1311 1211 1378 donec

262 1407 489 1475 diuturnitate
522 1409 718 1476 vexationis
750 1409 892 1475 adfectos
925 1416 1057 1477 aeterna
1092 1412 1210 1494 requio

218 1517 250 1566 1⁰
262 1506 405 1576 donavit
425 1517 619 1593 utrumque.
672 1509 802 1577 Omnes
819 1510 936 1589 etiam,
957 1518 997 1576 ut
1011 1511 1123 1594 magis
1146 1514 1210 1578 mi·

262 1611 395 1690 remini,
423 1611 582 1677 civitates
607 1611 758 1694 partium
779 1617 973 1676 vestrarum
998 1631 1043 1677 ex
1072 1614 1210 1679 nomine

260 1711 439 1792 novimus3
461 1711 522 1777 sed
545 1719 581 1777 et
603 1731 720 1793 regom
741 1711 864 1794 patriae
888 1711 988 1777 istius
1017 1731 1087 1776 non
1108 1713 1209 1796 iguo-

260 1829 377 1876 ramus
391 1812 483 1896 apud
506 1811 748 1877 cenomannos
770 1831 911 1876 suorum
932 1811 1127 1895 proditione
1149 1813 1208 1878 de·

259 1913 402 1993 victum,
417 1913 509 1997 apud
524 1913 727 1978 ¹Chinonum
751 1919 935 1990 mortuum,
952 1912 1045 1994 apud
1057 1912 1208 1980 Fontem

215 2020 246 2065 1⁵
260 2012 407 2078 Ebmrdi
420 2014 527 2079 fuisse
541 2014 725 2098 sepultum.

311 2114 329 2198 §
344 2115 398 2180 90.
422 2121 433 2150 ‘
445 2115 572 2193 Taceo,
587 2133 657 2179 non
669 2134 713 2180 cx
727 2113 937 2196 ignorantia,
951 2112 1027 2196 quis
1038 2131 1076 2176 se
1086 2112 1207 2180 fecerit

259 2213 558 2281 desideratissimae
577 2215 676 2280 nobis
694 2222 802 2280 tantae
820 2214 913 2279 necis
933 2221 1119 2278 auctorem.
1173 2213 1204 2277 0

259 2315 289 2378 si
313 2314 486 2384 Ricardus
508 2318 586 2394 iste,
611 2335 713 2399 quem
738 2315 896 2398 quamvis
921 2313 1063 2396 diligam
1089 2320 1205 2379 tamen

258 2415 374 2495 timeo,
396 2418 427 2482 si
448 2417 571 2482 luisset
591 2417 704 2482 factus
719 2415 900 2492 demedio,
917 2434 1020 2496 quam
1033 2413 1204 2481 modicum

211 2515 328 2600 anjam
355 2526 595 2595 metueremus
621 2535 725 2600 quam
754 2536 817 2599 pro
851 2514 958 2580 nihilo
989 2513 1204 2595 haberemus,

256 2616 354 2682 illum
374 2619 603 2684 novissimum
627 2617 785 2694 filiorum,
813 2616 874 2700 qui
903 2615 995 2680 domi
1020 2614 1146 2679 dormit
1168 2617 1205 2680 in

256 2717 371 2783 ordeo.
424 2718 460 2783 N
462 2740 507 2784 on
532 2725 586 2784 est
612 2717 712 2782 nobis
731 2717 944 2798 incognitum
966 2715 1058 2798 quod
1080 2715 1204 2780 Ricar-

256 2817 332 2898 dus,
354 2820 414 2902 qui
424 2817 528 2904 'patri
549 2837 676 2900 magno
692 2817 804 2902 major
817 2816 983 2880 successit
995 2816 1032 2880 in
1046 2835 1203 2898 regnum,

254 2917 292 2984 in
313 2920 390 3003 ipso
402 2941 486 2986 mox
502 2918 735 2986 coronationis
752 2937 825 2982 suae
840 2936 933 2982 auno
955 2915 1120 2982 adversus
1139 2935 1204 2981 nos

209 3033 241 3080 at
254 3018 327 3084 itera
342 3022 499 3105 arripuit.
552 3021 635 3087 Non
660 3026 735 3084 erat
762 3017 860 3082 nohis
882 3017 1035 3098 ignotus,
1060 3024 1096 3081 et
1121 3025 1203 3083 ante

253 3121 499 3203 profectionem
516 3141 627 3199 suam,
648 3137 810 3185 numerus
830 3119 971 3182 navium
990 3116 1066 3202 ejus
1090 3125 1126 3182 et
1138 3119 1202 3182 mi-

254 3220 364 3288 litum.
417 3222 600 3299 ScivimuS,
623 3228 659 3286 et
682 3221 763 3286 dum
787 3236 842 3282 res
867 3218 1048 3300 agebatur,
1070 3223 1203 3299 quanta

253 3323 429 3388 celeritate
454 3323 718 3390 munitissimam
744 3318 870 3384 Siciliae
899 3317 1074 3382 civitatem
1106 3317 1200 3382 Mes-

253 3441 374 3486 sanam
399 3425 527 3508 ceperit
555 3426 813 3506 expugnatam
837 3425 872 3483 et
901 3417 1058 3502 quamvis
1086 3417 1201 3485 nullus

207 3535 239 3580 ao
253 3531 408 3589 nostrum
430 3526 465 3590 id
482 3524 648 3602 crederet,
669 3530 786 3588 tamen
810 3521 912 3586 timor
935 3525 1053 3586 noster
1078 3527 1202 3585 auctus

252 3630 317 3701 est,
332 3633 368 3689 et
381 3625 488 3691 falsos
503 3626 594 3691 veris
611 3623 759 3690 addebat
771 3622 865 3689 sama
878 3621 1029 3687 timores.

303 3725 389 3809 §9L
413 3726 614 3791 ‘Processit
634 3725 745 3790 virtus
775 3721 893 3787 nescia
921 3728 1014 3785 stare
1041 3719 1118 3782 loco
1141 3739 1203 3801 per

250 3823 468 3892 incircuitum
482 3828 670 3910 regionem,
682 3831 725 3890 ¹et
738 3823 865 3905 ubique
878 3820 1045 3886 virtutum
1064 3818 1204 3901 rehquit

291 4041 301 4072 ³
314 4044 370 4094 Sibi
405 4047 485 4110 filla]
497 4047 528 4095 In
538 4044 599 4094 both
610 4041 685 4092 Mss.
698 4056 715 4090 a
739 4039 768 4088 ol
782 4037 872 4098 Hem-y
884 4035 927 4085 the
944 4033 1051 4098 Second,
1067 4032 1125 4084 who
1142 4031 1202 4082 died

251 4113 330 4164 blank
342 4130 417 4178 space
428 4119 451 4168 is
462 4117 507 4168 leit
517 4119 632 4166 between
642 4113 713 4163 these
744 4115 771 4160 11
785 4109 863 4170 June,
875 4110 948 4156 1181.

251 4187 344 4237 words.
775 4176 785 4209 ⁶
801 4176 935 4239 Alterum]
953 4174 1083 4236 Geoffrey‚
1093 4172 1162 4221 duke
1177 4171 1207 4220 01

287 4253 298 4287 ⁶
315 4257 482 4322 Cercusium]
501 4257 600 4321 Henry,
615 4255 714 4305 theson
741 4251 875 4316 bretagne,
885 4246 945 4298 died
956 4249 988 4295 19
999 4245 1111 4307 August,
1123 4245 1195 4294 1186.
