<?xml version="1.0" encoding="UTF-8"?>
<!DOCTYPE html PUBLIC "-//W3C//DTD XHTML 1.0 Transitional//EN"
    "http://www.w3.org/TR/xhtml1/DTD/xhtml1-transitional.dtd">
<html xmlns="http://www.w3.org/1999/xhtml" xml:lang="en" lang="en">
 <head>
  <title>
</title>
<meta http-equiv="Content-Type" content="text/html;charset=utf-8" />
  <meta name='ocr-system' content='tesseract 3.04.00' />
  <meta name='ocr-capabilities' content='ocr_page ocr_carea ocr_par ocr_line ocrx_word'/>
</head>
<body>
  <div class='ocr_page' id='page_1' title='image "./chroniconricard00stevgoog_0066.png"; bbox 0 0 3208 5036; ppageno 0'>
   <div class='ocr_carea' id='block_1_1' title="bbox 319 452 1202 516">
    <p class='ocr_par' dir='ltr' id='par_1_1' title="bbox 319 452 1202 516">
     <span class='ocr_line' id='line_1_1' title="bbox 319 452 1202 516; baseline 0.006 -6"><span class='ocrx_word' id='word_1_1' title='bbox 319 503 323 510; x_wconf 91' lang='lat'>.</span> <span class='ocrx_word' id='word_1_2' title='bbox 401 468 448 513; x_wconf 86' lang='lat' dir='ltr'><strong>nn</strong></span> <span class='ocrx_word' id='word_1_3' title='bbox 471 467 588 514; x_wconf 83' lang='lat' dir='ltr'><strong>annus</strong></span> <span class='ocrx_word' id='word_1_4' title='bbox 611 467 732 514; x_wconf 85' lang='lat' dir='ltr'><strong>cnsrrs</strong></span> <span class='ocrx_word' id='word_1_5' title='bbox 756 467 909 514; x_wconf 74' lang='lat' dir='ltr'><strong>aronam</strong></span> <span class='ocrx_word' id='word_1_6' title='bbox 935 468 1052 514; x_wconf 83' lang='lat' dir='ltr'><strong>rnrnr.</strong></span> <span class='ocrx_word' id='word_1_7' title='bbox 1158 452 1202 516; x_wconf 86' lang='grc'><strong>47</strong></span> 
     </span>
    </p>
   </div>
   <div class='ocr_carea' id='block_1_2' title="bbox 198 625 1367 4163">
    <p class='ocr_par' dir='ltr' id='par_1_2' title="bbox 251 625 1366 1014">
     <span class='ocr_line' id='line_1_2' title="bbox 302 625 1363 710; baseline -0.002 -20"><span class='ocrx_word' id='word_1_8' title='bbox 302 626 320 710; x_wconf 59' lang='grc' dir='ltr'>ᾗ</span> <span class='ocrx_word' id='word_1_9' title='bbox 334 625 388 690; x_wconf 88' lang='grc'><strong>60.</strong></span> <span class='ocrx_word' id='word_1_10' title='bbox 413 625 585 691; x_wconf 84' lang='lat' dir='ltr'><strong>Praedicta</strong></span> <span class='ocrx_word' id='word_1_11' title='bbox 599 627 717 710; x_wconf 90' lang='lat' dir='ltr'><strong>itaque</strong></span> <span class='ocrx_word' id='word_1_12' title='bbox 734 626 836 691; x_wconf 89' lang='lat' dir='ltr'><strong>modo</strong></span> <span class='ocrx_word' id='word_1_13' title='bbox 852 633 887 690; x_wconf 93' lang='lat' dir='ltr'><strong>et</strong></span> <span class='ocrx_word' id='word_1_14' title='bbox 901 627 1032 704; x_wconf 85' lang='lat' dir='ltr'><strong>ordine,</strong></span> <span class='ocrx_word' id='word_1_15' title='bbox 1053 627 1200 692; x_wconf 88' lang='lat' dir='ltr'><strong>navibus</strong></span> <span class='ocrx_word' id='word_1_16' title='bbox 1213 639 1363 694; x_wconf 81' lang='lat' dir='ltr'><strong>A.D.1191.</strong></span> 
     </span>
     <span class='ocr_line' id='line_1_3' title="bbox 251 722 1366 823; baseline 0.004 -33"><span class='ocrx_word' id='word_1_17' title='bbox 251 727 328 791; x_wconf 85' lang='lat' dir='ltr'><strong>aliis</strong></span> <span class='ocrx_word' id='word_1_18' title='bbox 348 728 434 791; x_wconf 90' lang='lat' dir='ltr'><strong>alias</strong></span> <span class='ocrx_word' id='word_1_19' title='bbox 454 728 700 810; x_wconf 86' lang='lat' dir='ltr'><strong>praeeuntibus,</strong></span> <span class='ocrx_word' id='word_1_20' title='bbox 721 728 799 792; x_wconf 87' lang='lat' dir='ltr'><strong>duae</strong></span> <span class='ocrx_word' id='word_1_21' title='bbox 819 729 862 791; x_wconf 90' lang='lat' dir='ltr'><strong>de</strong></span> <span class='ocrx_word' id='word_1_22' title='bbox 885 728 995 792; x_wconf 91' lang='lat' dir='ltr'><strong>tribus</strong></span> <span class='ocrx_word' id='word_1_23' title='bbox 1020 729 1151 811; x_wconf 77' lang='lat' dir='ltr'><strong>primiS,</strong></span> <span class='ocrx_word' id='word_1_24' title='bbox 1165 722 1366 823; x_wconf 56' lang='grc' dir='ltr'><strong>νίζξζξῇξξξέξῇ</strong></span> 
     </span>
     <span class='ocr_line' id='line_1_4' title="bbox 251 825 1300 914; baseline 0.001 -21"><span class='ocrx_word' id='word_1_25' title='bbox 251 836 433 893; x_wconf 83' lang='lat' dir='ltr'><strong>ventorum</strong></span> <span class='ocrx_word' id='word_1_26' title='bbox 449 829 619 912; x_wconf 76' lang='lat' dir='ltr'><strong>impulsae,</strong></span> <span class='ocrx_word' id='word_1_27' title='bbox 635 830 792 893; x_wconf 88' lang='lat' dir='ltr'><strong>cautibus</strong></span> <span class='ocrx_word' id='word_1_28' title='bbox 810 829 917 913; x_wconf 86' lang='lat' dir='ltr'><strong>juxta</strong></span> <span class='ocrx_word' id='word_1_29' title='bbox 939 837 1077 912; x_wconf 90' lang='lat' dir='ltr'><strong>portum</strong></span> <span class='ocrx_word' id='word_1_30' title='bbox 1094 829 1201 914; x_wconf 88' lang='lat' dir='ltr'>Cypri</span> <span class='ocrx_word' id='word_1_31' title='bbox 1213 825 1300 876; x_wconf 49' lang='grc' dir='ltr'><strong>ΨΜ·</strong></span> 
     </span>
     <span class='ocr_line' id='line_1_5' title="bbox 252 927 1202 1014; baseline 0 -21"><span class='ocrx_word' id='word_1_32' title='bbox 252 931 409 994; x_wconf 89' lang='lat' dir='ltr'><strong>contritae</strong></span> <span class='ocrx_word' id='word_1_33' title='bbox 435 937 539 1010; x_wconf 84' lang='lat' dir='ltr'><strong>sunt3</strong></span> <span class='ocrx_word' id='word_1_34' title='bbox 566 931 679 1008; x_wconf 88' lang='lat' dir='ltr'><strong>tertia,</strong></span> <span class='ocrx_word' id='word_1_35' title='bbox 702 950 780 1014; x_wconf 88' lang='lat' dir='ltr'><strong>quae</strong></span> <span class='ocrx_word' id='word_1_36' title='bbox 795 927 947 1012; x_wconf 83' lang='lat' dir='ltr'><strong>Anglica</strong></span> <span class='ocrx_word' id='word_1_37' title='bbox 970 938 1056 1008; x_wconf 90' lang='lat' dir='ltr'><strong>erat,</strong></span> <span class='ocrx_word' id='word_1_38' title='bbox 1078 932 1202 1013; x_wconf 82' lang='lat' dir='ltr'>agilior</span> 
     </span>
    </p>

    <p class='ocr_par' dir='ltr' id='par_1_3' title="bbox 223 1030 1201 1518">
     <span class='ocr_line' id='line_1_6' title="bbox 223 1030 1201 1113; baseline 0.002 -20"><span class='ocrx_word' id='word_1_39' title='bbox 223 1040 237 1083; x_wconf 74' lang='grc' dir='ltr'>ὅ</span> <span class='ocrx_word' id='word_1_40' title='bbox 251 1030 320 1094; x_wconf 90' lang='lat' dir='ltr'><strong>illis</strong></span> <span class='ocrx_word' id='word_1_41' title='bbox 335 1038 466 1096; x_wconf 82' lang='lat' dir='ltr'><strong>retorta</strong></span> <span class='ocrx_word' id='word_1_42' title='bbox 477 1031 514 1094; x_wconf 92' lang='lat' dir='ltr'><strong>in</strong></span> <span class='ocrx_word' id='word_1_43' title='bbox 528 1031 648 1107; x_wconf 89' lang='lat' dir='ltr'><strong>altum,</strong></span> <span class='ocrx_word' id='word_1_44' title='bbox 662 1031 798 1113; x_wconf 78' lang='lat' dir='ltr'><strong>diffugit</strong></span> <span class='ocrx_word' id='word_1_45' title='bbox 817 1030 1018 1112; x_wconf 88' lang='lat' dir='ltr'><strong>periculum.</strong></span> <span class='ocrx_word' id='word_1_46' title='bbox 1071 1030 1201 1095; x_wconf 86' lang='lat' dir='ltr'><strong>Omnes</strong></span> 
     </span>
     <span class='ocr_line' id='line_1_7' title="bbox 252 1131 1200 1215; baseline 0.002 -21"><span class='ocrx_word' id='word_1_47' title='bbox 252 1131 324 1195; x_wconf 87' lang='lat' dir='ltr'><strong>fere</strong></span> <span class='ocrx_word' id='word_1_48' title='bbox 347 1131 503 1196; x_wconf 91' lang='lat' dir='ltr'><strong>homines</strong></span> <span class='ocrx_word' id='word_1_49' title='bbox 530 1132 710 1215; x_wconf 90' lang='lat' dir='ltr'><strong>utriusque</strong></span> <span class='ocrx_word' id='word_1_50' title='bbox 737 1132 836 1196; x_wconf 84' lang='lat' dir='ltr'><strong>navis</strong></span> <span class='ocrx_word' id='word_1_51' title='bbox 850 1132 923 1196; x_wconf 82' lang='lat' dir='ltr'><strong>vivi</strong></span> <span class='ocrx_word' id='word_1_52' title='bbox 946 1140 1133 1195; x_wconf 90' lang='lat' dir='ltr'><strong>evaserunt</strong></span> <span class='ocrx_word' id='word_1_53' title='bbox 1156 1133 1200 1196; x_wconf 92' lang='lat' dir='ltr'><strong>ad</strong></span> 
     </span>
     <span class='ocr_line' id='line_1_8' title="bbox 251 1229 1201 1316; baseline -0.002 -19"><span class='ocrx_word' id='word_1_54' title='bbox 251 1239 390 1311; x_wconf 88' lang='lat' dir='ltr'><strong>terram,</strong></span> <span class='ocrx_word' id='word_1_55' title='bbox 422 1233 465 1297; x_wconf 90' lang='lat' dir='ltr'><strong>de</strong></span> <span class='ocrx_word' id='word_1_56' title='bbox 495 1229 619 1316; x_wconf 85' lang='lat' dir='ltr'><strong>quibus</strong></span> <span class='ocrx_word' id='word_1_57' title='bbox 648 1233 775 1297; x_wconf 89' lang='lat' dir='ltr'><strong>multos</strong></span> <span class='ocrx_word' id='word_1_58' title='bbox 802 1232 1050 1296; x_wconf 88' lang='lat' dir='ltr'><strong>interfecerunt</strong></span> <span class='ocrx_word' id='word_1_59' title='bbox 1081 1253 1201 1297; x_wconf 89' lang='lat' dir='ltr'><strong>occur-</strong></span> 
     </span>
     <span class='ocr_line' id='line_1_9' title="bbox 243 1333 1201 1418; baseline 0.004 -23"><span class='ocrx_word' id='word_1_60' title='bbox 243 1341 367 1410; x_wconf 84' lang='lat' dir='ltr'><strong>rentes</strong></span> <span class='ocrx_word' id='word_1_61' title='bbox 390 1333 522 1418; x_wconf 83' lang='lat' dir='ltr'><strong>Cyprii,</strong></span> <span class='ocrx_word' id='word_1_62' title='bbox 545 1334 712 1417; x_wconf 88' lang='lat' dir='ltr'><strong>quosdam</strong></span> <span class='ocrx_word' id='word_1_63' title='bbox 739 1341 915 1416; x_wconf 89' lang='lat' dir='ltr'><strong>ceperunt,</strong></span> <span class='ocrx_word' id='word_1_64' title='bbox 941 1334 1080 1416; x_wconf 88' lang='lat' dir='ltr'><strong>quidam</strong></span> <span class='ocrx_word' id='word_1_65' title='bbox 1109 1334 1201 1399; x_wconf 85' lang='lat' dir='ltr'><strong>refu-</strong></span> 
     </span>
     <span class='ocr_line' id='line_1_10' title="bbox 252 1434 1201 1518; baseline 0.003 -21"><span class='ocrx_word' id='word_1_66' title='bbox 252 1435 386 1516; x_wconf 82' lang='lat' dir='ltr'><strong>gientes</strong></span> <span class='ocrx_word' id='word_1_67' title='bbox 415 1436 452 1498; x_wconf 90' lang='lat' dir='ltr'><strong>in</strong></span> <span class='ocrx_word' id='word_1_68' title='bbox 482 1435 656 1518; x_wconf 90' lang='lat' dir='ltr'><strong>quandam</strong></span> <span class='ocrx_word' id='word_1_69' title='bbox 683 1435 862 1499; x_wconf 89' lang='lat' dir='ltr'><strong>ecclesiam</strong></span> <span class='ocrx_word' id='word_1_70' title='bbox 891 1435 1022 1499; x_wconf 87' lang='lat' dir='ltr'><strong>obsessi</strong></span> <span class='ocrx_word' id='word_1_71' title='bbox 1050 1434 1201 1500; x_wconf 85' lang='lat' dir='ltr'><strong>suerunt.</strong></span> 
     </span>
    </p>

    <p class='ocr_par' dir='ltr' id='par_1_4' title="bbox 198 1534 1367 4163">
     <span class='ocr_line' id='line_1_11' title="bbox 205 1534 1201 1619; baseline 0.002 -20"><span class='ocrx_word' id='word_1_72' title='bbox 205 1546 239 1592; x_wconf 87' lang='lat'><strong>1⁰</strong></span> <span class='ocrx_word' id='word_1_73' title='bbox 254 1534 425 1619; x_wconf 85' lang='lat' dir='ltr'><strong>Quicquid</strong></span> <span class='ocrx_word' id='word_1_74' title='bbox 440 1536 544 1599; x_wconf 89' lang='lat' dir='ltr'><strong>etiam</strong></span> <span class='ocrx_word' id='word_1_75' title='bbox 558 1537 595 1599; x_wconf 91' lang='lat' dir='ltr'><strong>in</strong></span> <span class='ocrx_word' id='word_1_76' title='bbox 611 1537 757 1600; x_wconf 89' lang='lat' dir='ltr'><strong>navibus</strong></span> <span class='ocrx_word' id='word_1_77' title='bbox 773 1536 815 1600; x_wconf 92' lang='lat' dir='ltr'><strong>de</strong></span> <span class='ocrx_word' id='word_1_78' title='bbox 834 1537 921 1598; x_wconf 89' lang='lat' dir='ltr'><strong>mari</strong></span> <span class='ocrx_word' id='word_1_79' title='bbox 936 1534 1050 1599; x_wconf 91' lang='lat' dir='ltr'><strong>fuerat</strong></span> <span class='ocrx_word' id='word_1_80' title='bbox 1065 1544 1201 1601; x_wconf 92' lang='lat' dir='ltr'><strong>erutum</strong></span> 
     </span>
     <span class='ocr_line' id='line_1_12' title="bbox 252 1635 1202 1721; baseline 0.004 -23"><span class='ocrx_word' id='word_1_81' title='bbox 252 1637 356 1700; x_wconf 84' lang='lat' dir='ltr'><strong>cessit</strong></span> <span class='ocrx_word' id='word_1_82' title='bbox 380 1637 416 1700; x_wconf 92' lang='lat' dir='ltr'><strong>in</strong></span> <span class='ocrx_word' id='word_1_83' title='bbox 438 1637 591 1718; x_wconf 90' lang='lat' dir='ltr'><strong>praedam</strong></span> <span class='ocrx_word' id='word_1_84' title='bbox 606 1635 822 1720; x_wconf 87' lang='lat' dir='ltr'><strong>Cypriorum.</strong></span> <span class='ocrx_word' id='word_1_85' title='bbox 875 1635 1042 1719; x_wconf 82' lang='lat' dir='ltr'><strong>Princeps</strong></span> <span class='ocrx_word' id='word_1_86' title='bbox 1065 1657 1202 1721; x_wconf 91' lang='lat' dir='ltr'><strong>quoque</strong></span> 
     </span>
     <span class='ocr_line' id='line_1_13' title="bbox 252 1736 1203 1821; baseline 0.004 -23"><span class='ocrx_word' id='word_1_87' title='bbox 252 1736 375 1801; x_wconf 87' lang='lat' dir='ltr'><strong>insulae</strong></span> <span class='ocrx_word' id='word_1_88' title='bbox 402 1738 495 1801; x_wconf 89' lang='lat' dir='ltr'><strong>illius</strong></span> <span class='ocrx_word' id='word_1_89' title='bbox 520 1737 707 1802; x_wconf 87' lang='lat' dir='ltr'><strong>adveniens</strong></span> <span class='ocrx_word' id='word_1_90' title='bbox 730 1737 766 1800; x_wconf 94' lang='lat' dir='ltr'><strong>in</strong></span> <span class='ocrx_word' id='word_1_91' title='bbox 794 1744 929 1820; x_wconf 90' lang='lat' dir='ltr'><strong>partem</strong></span> <span class='ocrx_word' id='word_1_92' title='bbox 952 1757 1050 1801; x_wconf 89' lang='lat' dir='ltr'><strong>suam</strong></span> <span class='ocrx_word' id='word_1_93' title='bbox 1073 1740 1203 1821; x_wconf 89' lang='lat' dir='ltr'><strong>recepit</strong></span> 
     </span>
     <span class='ocr_line' id='line_1_14' title="bbox 253 1838 1202 1921; baseline 0.002 -21"><span class='ocrx_word' id='word_1_94' title='bbox 253 1856 375 1902; x_wconf 85' lang='lat' dir='ltr'><strong>aurum</strong></span> <span class='ocrx_word' id='word_1_95' title='bbox 388 1845 424 1903; x_wconf 89' lang='lat' dir='ltr'><strong>et</strong></span> <span class='ocrx_word' id='word_1_96' title='bbox 438 1858 545 1917; x_wconf 88' lang='lat' dir='ltr'><strong>arma,</strong></span> <span class='ocrx_word' id='word_1_97' title='bbox 561 1844 597 1902; x_wconf 93' lang='lat' dir='ltr'><strong>et</strong></span> <span class='ocrx_word' id='word_1_98' title='bbox 611 1838 693 1902; x_wconf 84' lang='lat' dir='ltr'><strong>fecit</strong></span> <span class='ocrx_word' id='word_1_99' title='bbox 707 1839 751 1902; x_wconf 92' lang='lat' dir='ltr'><strong>ab</strong></span> <span class='ocrx_word' id='word_1_100' title='bbox 766 1839 872 1916; x_wconf 90' lang='lat' dir='ltr'><strong>omni,</strong></span> <span class='ocrx_word' id='word_1_101' title='bbox 886 1857 988 1921; x_wconf 92' lang='lat' dir='ltr'><strong>quem</strong></span> <span class='ocrx_word' id='word_1_102' title='bbox 1010 1858 1202 1904; x_wconf 88' lang='lat' dir='ltr'><strong>convocare</strong></span> 
     </span>
     <span class='ocr_line' id='line_1_15' title="bbox 253 1938 1201 2021; baseline 0.001 -19"><span class='ocrx_word' id='word_1_103' title='bbox 253 1939 378 2021; x_wconf 88' lang='lat' dir='ltr'><strong>potuit,</strong></span> <span class='ocrx_word' id='word_1_104' title='bbox 406 1948 539 2005; x_wconf 90' lang='lat' dir='ltr'><strong>armato</strong></span> <span class='ocrx_word' id='word_1_105' title='bbox 568 1939 744 2005; x_wconf 89' lang='lat' dir='ltr'><strong>observari</strong></span> <span class='ocrx_word' id='word_1_106' title='bbox 769 1939 864 2017; x_wconf 88' lang='lat' dir='ltr'><strong>litus,</strong></span> <span class='ocrx_word' id='word_1_107' title='bbox 903 1946 943 2002; x_wconf 93' lang='lat' dir='ltr'><strong>ut</strong></span> <span class='ocrx_word' id='word_1_108' title='bbox 971 1938 1117 2002; x_wconf 85' lang='lat' dir='ltr'><strong>classem</strong></span> <span class='ocrx_word' id='word_1_109' title='bbox 1147 1958 1201 2003; x_wconf 91' lang='lat' dir='ltr'><strong>se-</strong></span> 
     </span>
     <span class='ocr_line' id='line_1_16' title="bbox 207 2039 1202 2124; baseline -0.007 -15"><span class='ocrx_word' id='word_1_110' title='bbox 207 2063 239 2109; x_wconf 74' lang='lat' dir='ltr'><strong>rr</strong></span> <span class='ocrx_word' id='word_1_111' title='bbox 253 2047 413 2122; x_wconf 92' lang='lat' dir='ltr'><strong>quentem</strong></span> <span class='ocrx_word' id='word_1_112' title='bbox 437 2041 611 2124; x_wconf 87' lang='lat' dir='ltr'><strong>applicare</strong></span> <span class='ocrx_word' id='word_1_113' title='bbox 631 2060 701 2105; x_wconf 94' lang='lat' dir='ltr'><strong>non</strong></span> <span class='ocrx_word' id='word_1_114' title='bbox 724 2040 863 2118; x_wconf 90' lang='lat' dir='ltr'><strong>sineret,</strong></span> <span class='ocrx_word' id='word_1_115' title='bbox 884 2059 927 2102; x_wconf 89' lang='lat' dir='ltr'><strong>ne</strong></span> <span class='ocrx_word' id='word_1_116' title='bbox 950 2058 1013 2102; x_wconf 89' lang='lat' dir='ltr'><strong>rex</strong></span> <span class='ocrx_word' id='word_1_117' title='bbox 1036 2039 1101 2103; x_wconf 91' lang='lat' dir='ltr'><strong>sibi</strong></span> <span class='ocrx_word' id='word_1_118' title='bbox 1125 2057 1202 2103; x_wconf 90' lang='lat' dir='ltr'><strong>sur-</strong></span> 
     </span>
     <span class='ocr_line' id='line_1_17' title="bbox 252 2139 1203 2224; baseline 0.002 -22"><span class='ocrx_word' id='word_1_119' title='bbox 252 2148 352 2222; x_wconf 89' lang='lat' dir='ltr'><strong>repta</strong></span> <span class='ocrx_word' id='word_1_120' title='bbox 365 2141 543 2224; x_wconf 86' lang='lat' dir='ltr'><strong>reciperet.</strong></span> <span class='ocrx_word' id='word_1_121' title='bbox 580 2141 693 2224; x_wconf 87' lang='lat' dir='ltr'><strong>Supra</strong></span> <span class='ocrx_word' id='word_1_122' title='bbox 712 2148 850 2222; x_wconf 91' lang='lat' dir='ltr'><strong>portum</strong></span> <span class='ocrx_word' id='word_1_123' title='bbox 865 2148 941 2204; x_wconf 87' lang='lat' dir='ltr'><strong>erat</strong></span> <span class='ocrx_word' id='word_1_124' title='bbox 954 2140 1036 2203; x_wconf 92' lang='lat' dir='ltr'><strong>urbs</strong></span> <span class='ocrx_word' id='word_1_125' title='bbox 1051 2139 1150 2204; x_wconf 90' lang='lat' dir='ltr'><strong>fortis</strong></span> <span class='ocrx_word' id='word_1_126' title='bbox 1167 2147 1203 2204; x_wconf 89' lang='lat' dir='ltr'><strong>et</strong></span> 
     </span>
     <span class='ocr_line' id='line_1_18' title="bbox 253 2241 1201 2324; baseline 0 -21"><span class='ocrx_word' id='word_1_127' title='bbox 253 2259 356 2323; x_wconf 91' lang='lat' dir='ltr'><strong>super</strong></span> <span class='ocrx_word' id='word_1_128' title='bbox 375 2262 494 2324; x_wconf 89' lang='lat' dir='ltr'><strong>rupem</strong></span> <span class='ocrx_word' id='word_1_129' title='bbox 516 2243 670 2305; x_wconf 86' lang='lat' dir='ltr'><strong>nativam</strong></span> <span class='ocrx_word' id='word_1_130' title='bbox 692 2241 871 2306; x_wconf 87' lang='lat' dir='ltr'><strong>castellum</strong></span> <span class='ocrx_word' id='word_1_131' title='bbox 894 2241 1047 2305; x_wconf 91' lang='lat' dir='ltr'><strong>eminens</strong></span> <span class='ocrx_word' id='word_1_132' title='bbox 1069 2247 1104 2304; x_wconf 92' lang='lat' dir='ltr'><strong>et</strong></span> <span class='ocrx_word' id='word_1_133' title='bbox 1126 2260 1201 2303; x_wconf 92' lang='lat' dir='ltr'><strong>mu-</strong></span> 
     </span>
     <span class='ocr_line' id='line_1_19' title="bbox 252 2341 1201 2425; baseline 0 -20"><span class='ocrx_word' id='word_1_134' title='bbox 252 2343 373 2406; x_wconf 90' lang='lat' dir='ltr'><strong>nitum.</strong></span> <span class='ocrx_word' id='word_1_135' title='bbox 407 2341 500 2406; x_wconf 83' lang='lat' dir='ltr'><strong>Tota</strong></span> <span class='ocrx_word' id='word_1_136' title='bbox 514 2362 599 2425; x_wconf 83' lang='lat' dir='ltr'><strong>gens</strong></span> <span class='ocrx_word' id='word_1_137' title='bbox 614 2343 675 2406; x_wconf 89' lang='lat' dir='ltr'><strong>illa</strong></span> <span class='ocrx_word' id='word_1_138' title='bbox 687 2343 852 2407; x_wconf 88' lang='lat' dir='ltr'><strong>bellicosa</strong></span> <span class='ocrx_word' id='word_1_139' title='bbox 866 2349 902 2406; x_wconf 88' lang='lat' dir='ltr'><strong>et</strong></span> <span class='ocrx_word' id='word_1_140' title='bbox 916 2341 959 2405; x_wconf 92' lang='lat' dir='ltr'><strong>de</strong></span> <span class='ocrx_word' id='word_1_141' title='bbox 973 2348 1074 2423; x_wconf 92' lang='lat' dir='ltr'><strong>rapto</strong></span> <span class='ocrx_word' id='word_1_142' title='bbox 1085 2342 1201 2406; x_wconf 85' lang='lat' dir='ltr'><strong>vivere</strong></span> 
     </span>
     <span class='ocr_line' id='line_1_20' title="bbox 254 2443 1201 2526; baseline -0.002 -20"><span class='ocrx_word' id='word_1_143' title='bbox 254 2450 446 2508; x_wconf 72' lang='lat' dir='ltr'><strong>consueta·</strong></span> <span class='ocrx_word' id='word_1_144' title='bbox 467 2443 651 2508; x_wconf 89' lang='lat' dir='ltr'><strong>Ponebant</strong></span> <span class='ocrx_word' id='word_1_145' title='bbox 664 2444 701 2507; x_wconf 91' lang='lat' dir='ltr'><strong>in</strong></span> <span class='ocrx_word' id='word_1_146' title='bbox 714 2443 860 2509; x_wconf 87' lang='lat' dir='ltr'><strong>introitu</strong></span> <span class='ocrx_word' id='word_1_147' title='bbox 873 2450 995 2526; x_wconf 91' lang='lat' dir='ltr'><strong>portus</strong></span> <span class='ocrx_word' id='word_1_148' title='bbox 1009 2462 1072 2524; x_wconf 91' lang='lat' dir='ltr'><strong>per</strong></span> <span class='ocrx_word' id='word_1_149' title='bbox 1086 2449 1201 2506; x_wconf 89' lang='lat' dir='ltr'><strong>trans-</strong></span> 
     </span>
     <span class='ocr_line' id='line_1_21' title="bbox 207 2544 1201 2627; baseline 0.006 -26"><span class='ocrx_word' id='word_1_150' title='bbox 207 2557 240 2602; x_wconf 81' lang='lat' dir='ltr'><strong>ao</strong></span> <span class='ocrx_word' id='word_1_151' title='bbox 253 2544 468 2610; x_wconf 83' lang='lat' dir='ltr'><strong>itumtrabes</strong></span> <span class='ocrx_word' id='word_1_152' title='bbox 483 2551 518 2609; x_wconf 90' lang='lat' dir='ltr'><strong>et</strong></span> <span class='ocrx_word' id='word_1_153' title='bbox 532 2545 642 2626; x_wconf 81' lang='lat' dir='ltr'><strong>tigna,</strong></span> <span class='ocrx_word' id='word_1_154' title='bbox 657 2551 767 2627; x_wconf 88' lang='lat' dir='ltr'><strong>portae</strong></span> <span class='ocrx_word' id='word_1_155' title='bbox 783 2551 818 2608; x_wconf 99' lang='lat' dir='ltr'><strong>et</strong></span> <span class='ocrx_word' id='word_1_156' title='bbox 832 2545 933 2621; x_wconf 89' lang='lat' dir='ltr'><strong>ostia,</strong></span> <span class='ocrx_word' id='word_1_157' title='bbox 949 2550 984 2607; x_wconf 90' lang='lat' dir='ltr'><strong>et</strong></span> <span class='ocrx_word' id='word_1_158' title='bbox 1001 2550 1076 2607; x_wconf 87' lang='lat' dir='ltr'><strong>tota</strong></span> <span class='ocrx_word' id='word_1_159' title='bbox 1097 2551 1201 2622; x_wconf 86' lang='lat' dir='ltr'><strong>terra,</strong></span> 
     </span>
     <span class='ocr_line' id='line_1_22' title="bbox 253 2643 1201 2728; baseline 0 -20"><span class='ocrx_word' id='word_1_160' title='bbox 253 2651 327 2710; x_wconf 92' lang='lat' dir='ltr'><strong>toto</strong></span> <span class='ocrx_word' id='word_1_161' title='bbox 344 2646 471 2722; x_wconf 89' lang='lat' dir='ltr'><strong>animo,</strong></span> <span class='ocrx_word' id='word_1_162' title='bbox 487 2653 609 2709; x_wconf 89' lang='lat' dir='ltr'><strong>contra</strong></span> <span class='ocrx_word' id='word_1_163' title='bbox 624 2643 760 2727; x_wconf 83' lang='lat' dir='ltr'><strong>Anglos</strong></span> <span class='ocrx_word' id='word_1_164' title='bbox 777 2665 814 2709; x_wconf 89' lang='lat' dir='ltr'><strong>se</strong></span> <span class='ocrx_word' id='word_1_165' title='bbox 829 2644 1041 2728; x_wconf 88' lang='lat' dir='ltr'><strong>praeparavit</strong></span> <span class='ocrx_word' id='word_1_166' title='bbox 1054 2643 1098 2707; x_wconf 94' lang='lat' dir='ltr'><strong>ad</strong></span> <span class='ocrx_word' id='word_1_167' title='bbox 1112 2664 1201 2727; x_wconf 83' lang='lat' dir='ltr'><strong>pug-</strong></span> 
     </span>
     <span class='ocr_line' id='line_1_23' title="bbox 253 2744 1201 2829; baseline 0 -20"><span class='ocrx_word' id='word_1_168' title='bbox 253 2766 344 2810; x_wconf 88' lang='lat' dir='ltr'><strong>nam.</strong></span> <span class='ocrx_word' id='word_1_169' title='bbox 396 2746 520 2810; x_wconf 84' lang='lat' dir='ltr'><strong>Voluit</strong></span> <span class='ocrx_word' id='word_1_170' title='bbox 544 2746 641 2810; x_wconf 92' lang='lat' dir='ltr'><strong>Deus</strong></span> <span class='ocrx_word' id='word_1_171' title='bbox 666 2754 707 2810; x_wconf 93' lang='lat' dir='ltr'><strong>ut</strong></span> <span class='ocrx_word' id='word_1_172' title='bbox 728 2747 877 2829; x_wconf 89' lang='lat' dir='ltr'><strong>populus</strong></span> <span class='ocrx_word' id='word_1_173' title='bbox 900 2744 1103 2808; x_wconf 87' lang='lat' dir='ltr'><strong>maledictus</strong></span> <span class='ocrx_word' id='word_1_174' title='bbox 1128 2765 1201 2809; x_wconf 90' lang='lat' dir='ltr'><strong>ma-</strong></span> 
     </span>
     <span class='ocr_line' id='line_1_24' title="bbox 198 2845 1200 2931; baseline 0 -21"><span class='ocrx_word' id='word_1_175' title='bbox 198 2888 203 2895; x_wconf 90' lang='lat'><em>·</em></span> <span class='ocrx_word' id='word_1_176' title='bbox 252 2846 363 2911; x_wconf 91' lang='lat' dir='ltr'><strong>lorum</strong></span> <span class='ocrx_word' id='word_1_177' title='bbox 386 2847 547 2911; x_wconf 90' lang='lat' dir='ltr'><strong>meritum</strong></span> <span class='ocrx_word' id='word_1_178' title='bbox 571 2868 634 2931; x_wconf 92' lang='lat' dir='ltr'><strong>per</strong></span> <span class='ocrx_word' id='word_1_179' title='bbox 656 2866 778 2910; x_wconf 90' lang='lat' dir='ltr'><strong>manus</strong></span> <span class='ocrx_word' id='word_1_180' title='bbox 801 2868 872 2911; x_wconf 91' lang='lat' dir='ltr'><strong>non</strong></span> <span class='ocrx_word' id='word_1_181' title='bbox 894 2845 1087 2910; x_wconf 87' lang='lat' dir='ltr'><strong>miserentis</strong></span> <span class='ocrx_word' id='word_1_182' title='bbox 1111 2846 1200 2910; x_wconf 90' lang='lat' dir='ltr'><strong>acci·</strong></span> 
     </span>
     <span class='ocr_line' id='line_1_25' title="bbox 252 2945 1200 3030; baseline -0.002 -18"><span class='ocrx_word' id='word_1_183' title='bbox 252 2955 360 3030; x_wconf 90' lang='lat' dir='ltr'><strong>peret.</strong></span> <span class='ocrx_word' id='word_1_184' title='bbox 412 2948 533 3012; x_wconf 90' lang='lat' dir='ltr'><strong>Tertia</strong></span> <span class='ocrx_word' id='word_1_185' title='bbox 558 2949 657 3012; x_wconf 88' lang='lat' dir='ltr'><strong>navis</strong></span> <span class='ocrx_word' id='word_1_186' title='bbox 680 2945 843 3028; x_wconf 85' lang='lat' dir='ltr'><strong>Anglica,</strong></span> <span class='ocrx_word' id='word_1_187' title='bbox 866 2948 903 3011; x_wconf 92' lang='lat' dir='ltr'><strong>in</strong></span> <span class='ocrx_word' id='word_1_188' title='bbox 929 2965 999 3030; x_wconf 88' lang='lat' dir='ltr'><strong>qua</strong></span> <span class='ocrx_word' id='word_1_189' title='bbox 1024 2952 1124 3010; x_wconf 88' lang='lat' dir='ltr'><strong>erant</strong></span> <span class='ocrx_word' id='word_1_190' title='bbox 1150 2945 1200 3010; x_wconf 91' lang='lat' dir='ltr'><strong>fe-</strong></span> 
     </span>
     <span class='ocr_line' id='line_1_26' title="bbox 207 3048 1199 3132; baseline -0.006 -17"><span class='ocrx_word' id='word_1_191' title='bbox 207 3069 238 3115; x_wconf 75' lang='lat' dir='ltr'><strong>ns</strong></span> <span class='ocrx_word' id='word_1_192' title='bbox 253 3050 368 3127; x_wconf 88' lang='lat' dir='ltr'><strong>minae,</strong></span> <span class='ocrx_word' id='word_1_193' title='bbox 397 3048 517 3132; x_wconf 90' lang='lat' dir='ltr'><strong>ejectis</strong></span> <span class='ocrx_word' id='word_1_194' title='bbox 552 3049 700 3126; x_wconf 87' lang='lat' dir='ltr'><strong>ancoris,</strong></span> <span class='ocrx_word' id='word_1_195' title='bbox 729 3050 766 3112; x_wconf 91' lang='lat' dir='ltr'><strong>in</strong></span> <span class='ocrx_word' id='word_1_196' title='bbox 799 3048 871 3115; x_wconf 88' lang='lat' dir='ltr'><strong>alto</strong></span> <span class='ocrx_word' id='word_1_197' title='bbox 905 3048 1132 3129; x_wconf 85' lang='lat' dir='ltr'><strong>exspectabat</strong></span> <span class='ocrx_word' id='word_1_198' title='bbox 1164 3054 1199 3110; x_wconf 92' lang='lat' dir='ltr'><strong>et</strong></span> 
     </span>
     <span class='ocr_line' id='line_1_27' title="bbox 253 3144 1200 3230; baseline -0.004 -17"><span class='ocrx_word' id='word_1_199' title='bbox 253 3151 368 3214; x_wconf 92' lang='lat' dir='ltr'><strong>omnia</strong></span> <span class='ocrx_word' id='word_1_200' title='bbox 382 3151 622 3214; x_wconf 87' lang='lat' dir='ltr'><strong>considerabat</strong></span> <span class='ocrx_word' id='word_1_201' title='bbox 637 3170 655 3214; x_wconf 94' lang='lat' dir='ltr'><strong>e</strong></span> <span class='ocrx_word' id='word_1_202' title='bbox 669 3157 791 3214; x_wconf 89' lang='lat' dir='ltr'><strong>contra</strong></span> <span class='ocrx_word' id='word_1_203' title='bbox 804 3149 956 3212; x_wconf 86' lang='lat' dir='ltr'><strong>relatura</strong></span> <span class='ocrx_word' id='word_1_204' title='bbox 972 3165 1090 3211; x_wconf 89' lang='lat' dir='ltr'><strong>casum</strong></span> <span class='ocrx_word' id='word_1_205' title='bbox 1114 3144 1200 3230; x_wconf 82' lang='lat' dir='ltr'><strong>regi,</strong></span> 
     </span>
     <span class='ocr_line' id='line_1_28' title="bbox 253 3247 1199 3330; baseline -0.002 -17"><span class='ocrx_word' id='word_1_206' title='bbox 253 3271 296 3313; x_wconf 90' lang='lat' dir='ltr'><strong>ne</strong></span> <span class='ocrx_word' id='word_1_207' title='bbox 311 3250 399 3315; x_wconf 86' lang='lat' dir='ltr'><strong>forte</strong></span> <span class='ocrx_word' id='word_1_208' title='bbox 412 3251 529 3315; x_wconf 88' lang='lat' dir='ltr'><strong>damni</strong></span> <span class='ocrx_word' id='word_1_209' title='bbox 544 3257 580 3315; x_wconf 90' lang='lat' dir='ltr'><strong>et</strong></span> <span class='ocrx_word' id='word_1_210' title='bbox 594 3250 770 3314; x_wconf 84' lang='lat' dir='ltr'><strong>dedecoris</strong></span> <span class='ocrx_word' id='word_1_211' title='bbox 783 3249 919 3313; x_wconf 88' lang='lat' dir='ltr'><strong>nescius</strong></span> <span class='ocrx_word' id='word_1_212' title='bbox 934 3247 1047 3313; x_wconf 93' lang='lat' dir='ltr'><strong>locum</strong></span> <span class='ocrx_word' id='word_1_213' title='bbox 1056 3255 1199 3330; x_wconf 88' lang='lat' dir='ltr'><strong>praeter-</strong></span> 
     </span>
     <span class='ocr_line' id='line_1_29' title="bbox 252 3347 1200 3432; baseline -0.002 -18"><span class='ocrx_word' id='word_1_214' title='bbox 252 3351 319 3416; x_wconf 84' lang='lat' dir='ltr'><strong>iret</strong></span> <span class='ocrx_word' id='word_1_215' title='bbox 339 3351 482 3416; x_wconf 85' lang='lat' dir='ltr'><strong>inultus.</strong></span> <span class='ocrx_word' id='word_1_216' title='bbox 533 3351 642 3416; x_wconf 89' lang='lat' dir='ltr'><strong>Venit</strong></span> <span class='ocrx_word' id='word_1_217' title='bbox 665 3351 805 3414; x_wconf 90' lang='lat' dir='ltr'><strong>navium</strong></span> <span class='ocrx_word' id='word_1_218' title='bbox 825 3350 916 3432; x_wconf 86' lang='lat' dir='ltr'><strong>regis</strong></span> <span class='ocrx_word' id='word_1_219' title='bbox 940 3347 1023 3413; x_wconf 91' lang='lat' dir='ltr'><strong>ordo</strong></span> <span class='ocrx_word' id='word_1_220' title='bbox 1045 3356 1127 3430; x_wconf 89' lang='lat' dir='ltr'><strong>post</strong></span> <span class='ocrx_word' id='word_1_221' title='bbox 1149 3349 1200 3412; x_wconf 93' lang='lat' dir='ltr'><strong>al-</strong></span> 
     </span>
     <span class='ocr_line' id='line_1_30' title="bbox 253 3448 1202 3533; baseline -0.005 -17"><span class='ocrx_word' id='word_1_222' title='bbox 253 3460 376 3531; x_wconf 91' lang='lat' dir='ltr'><strong>terum,</strong></span> <span class='ocrx_word' id='word_1_223' title='bbox 389 3460 425 3517; x_wconf 91' lang='lat' dir='ltr'><strong>et</strong></span> <span class='ocrx_word' id='word_1_224' title='bbox 440 3453 693 3517; x_wconf 87' lang='lat' dir='ltr'><strong>substituerunt</strong></span> <span class='ocrx_word' id='word_1_225' title='bbox 701 3470 819 3516; x_wconf 90' lang='lat' dir='ltr'><strong>omnes</strong></span> <span class='ocrx_word' id='word_1_226' title='bbox 830 3450 875 3515; x_wconf 88' lang='lat' dir='ltr'><strong>ad</strong></span> <span class='ocrx_word' id='word_1_227' title='bbox 886 3449 1043 3533; x_wconf 88' lang='lat' dir='ltr'><strong>primam.</strong></span> <span class='ocrx_word' id='word_1_228' title='bbox 1067 3448 1202 3513; x_wconf 89' lang='lat' dir='ltr'><strong>Rumor</strong></span> 
     </span>
     <span class='ocr_line' id='line_1_31' title="bbox 208 3550 1201 3636; baseline -0.009 -14"><span class='ocrx_word' id='word_1_229' title='bbox 208 3576 240 3622; x_wconf 79' lang='lat' dir='ltr'><strong>so</strong></span> <span class='ocrx_word' id='word_1_230' title='bbox 253 3553 388 3617; x_wconf 84' lang='lat' dir='ltr'><strong>refusus</strong></span> <span class='ocrx_word' id='word_1_231' title='bbox 410 3554 567 3636; x_wconf 83' lang='lat' dir='ltr'><strong>pervenit</strong></span> <span class='ocrx_word' id='word_1_232' title='bbox 582 3553 627 3618; x_wconf 92' lang='lat' dir='ltr'><strong>ad</strong></span> <span class='ocrx_word' id='word_1_233' title='bbox 640 3573 769 3636; x_wconf 87' lang='lat' dir='ltr'><strong>regem,</strong></span> <span class='ocrx_word' id='word_1_234' title='bbox 784 3553 854 3636; x_wconf 93' lang='lat' dir='ltr'><strong>qui,</strong></span> <span class='ocrx_word' id='word_1_235' title='bbox 870 3552 984 3615; x_wconf 89' lang='lat' dir='ltr'><strong>missis</strong></span> <span class='ocrx_word' id='word_1_236' title='bbox 1005 3551 1140 3614; x_wconf 90' lang='lat' dir='ltr'><strong>nunciis</strong></span> <span class='ocrx_word' id='word_1_237' title='bbox 1157 3550 1201 3614; x_wconf 90' lang='lat' dir='ltr'><strong>ad</strong></span> 
     </span>
     <span class='ocr_line' id='line_1_32' title="bbox 253 3652 1201 3734; baseline -0.004 -16"><span class='ocrx_word' id='word_1_238' title='bbox 253 3654 428 3718; x_wconf 90' lang='lat' dir='ltr'><strong>dominum</strong></span> <span class='ocrx_word' id='word_1_239' title='bbox 449 3655 585 3732; x_wconf 89' lang='lat' dir='ltr'><strong>insulae,</strong></span> <span class='ocrx_word' id='word_1_240' title='bbox 608 3654 694 3718; x_wconf 90' lang='lat' dir='ltr'><strong>nihil</strong></span> <span class='ocrx_word' id='word_1_241' title='bbox 710 3654 900 3719; x_wconf 90' lang='lat' dir='ltr'><strong>voluntatis</strong></span> <span class='ocrx_word' id='word_1_242' title='bbox 922 3652 1080 3734; x_wconf 88' lang='lat' dir='ltr'><strong>adeptus,</strong></span> <span class='ocrx_word' id='word_1_243' title='bbox 1104 3671 1201 3715; x_wconf 92' lang='lat' dir='ltr'><strong>man-</strong></span> 
     </span>
     <span class='ocr_line' id='line_1_33' title="bbox 253 3753 1201 3836; baseline -0.004 -18"><span class='ocrx_word' id='word_1_244' title='bbox 253 3755 350 3820; x_wconf 90' lang='lat' dir='ltr'><strong>davit</strong></span> <span class='ocrx_word' id='word_1_245' title='bbox 362 3756 560 3820; x_wconf 88' lang='lat' dir='ltr'><strong>universum</strong></span> <span class='ocrx_word' id='word_1_246' title='bbox 575 3756 764 3820; x_wconf 89' lang='lat' dir='ltr'><strong>exercitum</strong></span> <span class='ocrx_word' id='word_1_247' title='bbox 781 3755 908 3817; x_wconf 89' lang='lat' dir='ltr'><strong>armari</strong></span> <span class='ocrx_word' id='word_1_248' title='bbox 922 3772 944 3815; x_wconf 88' lang='lat' dir='ltr'><strong>a</strong></span> <span class='ocrx_word' id='word_1_249' title='bbox 959 3753 1070 3836; x_wconf 92' lang='lat' dir='ltr'><strong>primo</strong></span> <span class='ocrx_word' id='word_1_250' title='bbox 1091 3772 1201 3835; x_wconf 89' lang='lat' dir='ltr'><strong>usque</strong></span> 
     </span>
     <span class='ocr_line' id='line_1_34' title="bbox 254 3853 1200 3938; baseline -0.006 -19"><span class='ocrx_word' id='word_1_251' title='bbox 254 3856 297 3919; x_wconf 93' lang='lat' dir='ltr'><strong>ad</strong></span> <span class='ocrx_word' id='word_1_252' title='bbox 311 3857 481 3933; x_wconf 87' lang='lat' dir='ltr'><strong>ultimum,</strong></span> <span class='ocrx_word' id='word_1_253' title='bbox 497 3856 589 3920; x_wconf 89' lang='lat' dir='ltr'><strong>etde</strong></span> <span class='ocrx_word' id='word_1_254' title='bbox 605 3857 741 3938; x_wconf 83' lang='lat' dir='ltr'><strong>magnis</strong></span> <span class='ocrx_word' id='word_1_255' title='bbox 755 3855 901 3920; x_wconf 90' lang='lat' dir='ltr'><strong>navibus</strong></span> <span class='ocrx_word' id='word_1_256' title='bbox 917 3871 1075 3935; x_wconf 82' lang='lat' dir='ltr'><strong>egressos</strong></span> <span class='ocrx_word' id='word_1_257' title='bbox 1083 3853 1120 3914; x_wconf 92' lang='lat' dir='ltr'><strong>in</strong></span> <span class='ocrx_word' id='word_1_258' title='bbox 1137 3871 1200 3934; x_wconf 83' lang='lat' dir='ltr'><strong>ga-</strong></span> 
     </span>
     <span class='ocr_line' id='line_1_35' title="bbox 253 3951 1199 4040; baseline -0.005 -20"><span class='ocrx_word' id='word_1_259' title='bbox 253 3956 316 4020; x_wconf 92' lang='lat' dir='ltr'><strong>leis</strong></span> <span class='ocrx_word' id='word_1_260' title='bbox 332 3964 368 4022; x_wconf 92' lang='lat' dir='ltr'><strong>et</strong></span> <span class='ocrx_word' id='word_1_261' title='bbox 382 3956 519 4040; x_wconf 90' lang='lat' dir='ltr'><strong>scaphis</strong></span> <span class='ocrx_word' id='word_1_262' title='bbox 535 3957 633 4040; x_wconf 89' lang='lat' dir='ltr'><strong>sequi</strong></span> <span class='ocrx_word' id='word_1_263' title='bbox 647 3957 744 4020; x_wconf 90' lang='lat' dir='ltr'><strong>illum</strong></span> <span class='ocrx_word' id='word_1_264' title='bbox 759 3955 802 4018; x_wconf 90' lang='lat' dir='ltr'><strong>ad</strong></span> <span class='ocrx_word' id='word_1_265' title='bbox 816 3956 911 4019; x_wconf 79' lang='lat' dir='ltr'><strong>litus,</strong></span> <span class='ocrx_word' id='word_1_266' title='bbox 965 3952 1023 4016; x_wconf 90' lang='lat' dir='ltr'><strong>Fit</strong></span> <span class='ocrx_word' id='word_1_267' title='bbox 1038 3953 1129 4034; x_wconf 91' lang='lat' dir='ltr'><strong>quod</strong></span> <span class='ocrx_word' id='word_1_268' title='bbox 1141 3951 1199 4035; x_wconf 91' lang='lat' dir='ltr'><strong>ju-</strong></span> 
     </span>
     <span class='ocr_line' id='line_1_36' title="bbox 207 4052 1367 4163; baseline -0.007 -40"><span class='ocrx_word' id='word_1_269' title='bbox 207 4077 239 4123; x_wconf 77' lang='lat' dir='ltr'><strong>na</strong></span> <span class='ocrx_word' id='word_1_270' title='bbox 253 4057 347 4122; x_wconf 90' lang='lat' dir='ltr'><strong>bitur</strong></span> <span class='ocrx_word' id='word_1_271' title='bbox 359 4058 534 4136; x_wconf 90' lang='lat' dir='ltr'><strong>citissime,</strong></span> <span class='ocrx_word' id='word_1_272' title='bbox 549 4058 687 4122; x_wconf 91' lang='lat' dir='ltr'><strong>venitur</strong></span> <span class='ocrx_word' id='word_1_273' title='bbox 701 4058 738 4121; x_wconf 94' lang='lat' dir='ltr'><strong>in</strong></span> <span class='ocrx_word' id='word_1_274' title='bbox 753 4057 857 4120; x_wconf 90' lang='lat' dir='ltr'><strong>armis</strong></span> <span class='ocrx_word' id='word_1_275' title='bbox 873 4055 916 4118; x_wconf 92' lang='lat' dir='ltr'><strong>ad</strong></span> <span class='ocrx_word' id='word_1_276' title='bbox 931 4060 1080 4137; x_wconf 92' lang='lat' dir='ltr'><strong>portum.</strong></span> <span class='ocrx_word' id='word_1_277' title='bbox 1119 4052 1200 4116; x_wconf 85' lang='lat' dir='ltr'><strong>Rex</strong></span> <span class='ocrx_word' id='word_1_278' title='bbox 1212 4063 1311 4156; x_wconf 49' lang='lat' dir='ltr'><strong>putrem</strong></span> <span class='ocrx_word' id='word_1_279' title='bbox 1317 4074 1367 4163; x_wconf 41' lang='lat'><strong>3513:</strong></span> 
     </span>
    </p>
   </div>
   <div class='ocr_carea' id='block_1_3' title="bbox 253 4153 1201 4342">
    <p class='ocr_par' dir='ltr' id='par_1_5' title="bbox 253 4153 1201 4342">
     <span class='ocr_line' id='line_1_37' title="bbox 254 4153 1201 4242; baseline -0.006 -21"><span class='ocrx_word' id='word_1_280' title='bbox 254 4168 419 4238; x_wconf 87' lang='lat' dir='ltr'><strong>armatus,</strong></span> <span class='ocrx_word' id='word_1_281' title='bbox 431 4160 561 4242; x_wconf 92' lang='lat' dir='ltr'><strong>primus</strong></span> <span class='ocrx_word' id='word_1_282' title='bbox 575 4159 618 4222; x_wconf 91' lang='lat' dir='ltr'><strong>de</strong></span> <span class='ocrx_word' id='word_1_283' title='bbox 633 4159 734 4241; x_wconf 83' lang='lat' dir='ltr'><strong>galea</strong></span> <span class='ocrx_word' id='word_1_284' title='bbox 747 4157 922 4233; x_wconf 68' lang='lat' dir='ltr'><strong>exsiliens</strong></span> <span class='ocrx_word' id='word_1_285' title='bbox 933 4156 1081 4237; x_wconf 92' lang='lat' dir='ltr'><strong>primum</strong></span> <span class='ocrx_word' id='word_1_286' title='bbox 1094 4153 1201 4217; x_wconf 88' lang='lat' dir='ltr'><strong>ictum</strong></span> 
     </span>
     <span class='ocr_line' id='line_1_38' title="bbox 253 4255 1201 4342; baseline -0.006 -19"><span class='ocrx_word' id='word_1_287' title='bbox 253 4260 348 4323; x_wconf 91' lang='lat' dir='ltr'><strong>dedit</strong></span> <span class='ocrx_word' id='word_1_288' title='bbox 371 4262 407 4325; x_wconf 91' lang='lat' dir='ltr'><strong>in</strong></span> <span class='ocrx_word' id='word_1_289' title='bbox 428 4260 542 4340; x_wconf 63' lang='lat' dir='ltr'><strong>bello,</strong></span> <span class='ocrx_word' id='word_1_290' title='bbox 566 4260 625 4323; x_wconf 93' lang='lat' dir='ltr'><strong>sed</strong></span> <span class='ocrx_word' id='word_1_291' title='bbox 649 4267 835 4342; x_wconf 88' lang='lat' dir='ltr'><strong>antequam</strong></span> <span class='ocrx_word' id='word_1_292' title='bbox 848 4264 967 4340; x_wconf 87' lang='lat' dir='ltr'><strong>posset</strong></span> <span class='ocrx_word' id='word_1_293' title='bbox 981 4255 1064 4320; x_wconf 91' lang='lat' dir='ltr'><strong>dare</strong></span> <span class='ocrx_word' id='word_1_294' title='bbox 1079 4273 1201 4318; x_wconf 91' lang='lat' dir='ltr'><strong>secun·</strong></span> 
     </span>
    </p>
   </div>
   <div class='ocr_carea' id='block_1_4' title="bbox 0 0 1610 5036">
    <p class='ocr_par' dir='ltr' id='par_1_6' title="bbox 0 0 1610 5036">
     <span class='ocr_line' id='line_1_39' title="bbox 0 0 1610 5036; baseline 0 0"><span class='ocrx_word' id='word_1_295' title='bbox 0 0 1610 5036; x_wconf 95' lang='lat' dir='ltr'><strong> </strong></span> 
     </span>
    </p>
   </div>
  </div>
 </body>
</html>
