3208 5036
417 467 461 532 14
676 483 863 535 molanus
888 485 1104 534 mvrsrmvsrs

254 647 403 698 animo.
418 635 500 698 dum
523 640 588 711 est,
608 653 653 697 an
671 634 905 698 desistendum
916 635 942 697 l’
995 633 1061 698 Cui
1084 634 1281 716 episcopus,
1303 635 1364 700 ‘si

417 754 537 818 pacem
555 735 741 812 desideras,
759 754 856 799 arma
873 736 1025 817 repone!
1087 734 1266 799 Intellexit
1287 754 1366 799 acer

416 836 474 898 ille
503 837 642 917 ingenio
670 836 742 899 vim
766 836 961 912 verborum,
985 835 1158 919 jussitque
1187 855 1365 918 praecones

416 936 565 1000 clamare
591 937 763 1018 receptui3
800 937 961 1019 episcopo
989 938 1094 1000 etiam
1121 937 1365 1017 patrimonium

416 1055 529 1113 suum,
548 1035 632 1099 illud
656 1043 805 1113 tantum,
827 1038 901 1099 sine
924 1037 985 1100 lite
1010 1037 1171 1100 restituit.
1224 1036 1364 1118 Reliqui
1393 1057 1408 1101 5

417 1157 548 1214 omnes,
563 1137 623 1220 qui
637 1144 760 1201 contra
774 1135 1026 1200 cancellarium
1041 1136 1363 1215 transfretaverant,

415 1238 529 1301 minus
555 1236 774 1320 profecerunt
802 1257 906 1319 quam
933 1237 1089 1301 nihilum.
1156 1237 1364 1315 WillelmuS,

415 1338 616 1420 apostolicae
639 1338 729 1400 sedis
746 1337 910 1418 Legatus,
932 1338 1114 1401 concilium
1139 1337 1251 1401 tenuit
1272 1339 1364 1420 apud

415 1437 775 1513 westmonasterium,
784 1438 820 1499 in
834 1457 903 1518 quo
918 1457 962 1500 ne
976 1438 1025 1500 nil
1039 1445 1201 1519 ageretur
1214 1439 1307 1520 quod
1321 1439 1363 1502 de

415 1557 453 1600 se
475 1537 722 1619 praedioaretur
743 1537 780 1600 in
803 1545 992 1619 posterum,
1006 1559 1141 1602 omnem
1163 1538 1363 1620 religionem
1377 1557 1408 1603 ro

416 1638 458 1700 de
473 1636 701 1701 Coventrensi
724 1637 869 1701 ecclesia
892 1638 1136 1702 eliminandam
1160 1645 1196 1702 et
1221 1638 1363 1702 clericos

415 1737 671 1819 praebendarios
713 1738 790 1801 loco
832 1737 1080 1802 monachorum
1124 1738 1365 1822 prejudicavit

415 1837 686 1901 substituendos.

284 1953 404 2044 *immed
468 1937 553 2020 517.
577 1937 786 2014 WillelmuS,
808 1939 972 2002 mirabilis
998 1939 1146 2002 Eliensis
1170 1941 1363 2023 episcopus,

283 2060 337 2104 ιι
365 2005 652 2101 ¹⁴stcancellarius
662 2038 1297 2120 regis,rengustrcrar1ustrmomms
1306 2041 1364 2104 rlle
1377 2057 1407 2100 ιι

416 2145 451 2201 et
467 2138 606 2220 triceps,
621 2145 660 2202 ut
675 2145 822 2221 utraque
844 2158 949 2202 manu
971 2147 1126 2204 uteretur
1142 2160 1206 2222 pro
1228 2141 1364 2217 dextra,

416 2245 452 2301 et
478 2238 613 2319 gladius
640 2238 737 2302 Petri
765 2239 881 2320 gladio
910 2241 1108 2304 subveniret
1136 2241 1365 2322 imperatoris,

415 2339 624 2420 legationem
633 2341 785 2421 suscepit
795 2341 902 2404 totius
912 2339 1064 2422 Angliae,
1073 2340 1364 2419 Scotiae,Walliae,

416 2446 451 2501 et
471 2438 662 2517 Hiberniae,
683 2441 860 2505 obtentam
885 2460 906 2504 a
924 2460 1057 2504 summo
1078 2441 1252 2522 pontifice,
1272 2443 1363 2524 regis

416 2559 486 2602 non
511 2539 612 2603 aliter
632 2539 819 2622 profecturi
843 2542 1022 2618 instantia,
1046 2561 1107 2623 per
1131 2541 1409 2623 Reginaldumao

416 2640 615 2721 episcopum
637 2639 807 2705 Batoniae.
861 2641 1033 2706 Universa
1056 2631 1139 2723 ergo
1163 2661 1233 2724 qua
1255 2643 1366 2707 voluit

417 2746 510 2803 sorte
528 2741 662 2818 beatus,
684 2740 757 2804 ibat
776 2761 838 2823 per
859 2760 1003 2823 regnum
1024 2750 1059 2807 et
1078 2743 1315 2807 revertebatur
1328 2745 1364 2805 in

417 2840 674 2904 similitudinem
690 2840 837 2922 fulguris
851 2843 1075 2906 coruscantis.

468 2940 549 3003 Rex
565 2941 680 3018 Erebi,
699 2941 953 3006 vetustissimus
980 2942 1038 3005 ille
1067 2962 1256 3026 pyracmon
1275 2943 1365 3006 inter

417 3041 597 3105 ecclesiam
627 3041 827 3106 Saresbiriae
854 3050 889 3106 et
921 3043 1166 3106 monasterium
1199 3042 1363 3106 Malmes·
1377 3063 1408 3108 ιι

418 3142 525 3219 biriee,
540 3143 679 3206 admoto
703 3144 832 3207 recenti
855 3143 985 3220 fomite,
1006 3143 1191 3206 scintillam
1213 3151 1364 3207 veterem

419 3243 589 3308 redivivos
608 3245 793 3309 commovit
815 3245 852 3307 in
875 3245 984 3326 ignes.
1037 3243 1232 3307 Suscitatur
1245 3244 1363 3321 abbas,

419 3364 488 3408 non
507 3344 581 3427 jam
604 3343 646 3407 de
668 3345 880 3427 professione
895 3344 1049 3428 pontifici
1062 3344 1232 3420 facienda,
1246 3343 1308 3406 sed
1322 3344 1364 3407 do

418 3447 493 3530 ipso
518 3444 656 3508 nomine
680 3447 829 3526 pastoris
856 3445 1014 3527 ponendo
1043 3444 1145 3508 simul
1170 3451 1205 3508 et
1228 3444 1364 3507 baculo.

422 3547 619 3630 Impetratae
655 3552 736 3609 sunt
773 3547 882 3609 literae
912 3545 1003 3626 regis
1032 3545 1075 3608 ad
1100 3543 1364 3621 cancellarium,
1378 3565 1410 3611 so

421 3649 542 3733 quibus
555 3647 661 3710 abbas
675 3645 719 3708 ad
732 3645 983 3727 postulationes
995 3646 1147 3727 episcopi
1160 3645 1366 3727 respondere

422 3757 599 3832 cogeretur
611 3747 648 3809 in
658 3745 749 3829 jure.
802 3744 838 3808 N
840 3765 879 3808 ec
898 3747 951 3808 sui
971 3745 1099 3809 oblitus
1116 3753 1171 3810 est
1188 3745 1291 3808 homo
1306 3764 1365 3807 cu-

419 3853 477 3938 jus
490 3869 544 3915 res
558 3847 684 3929 agitur,
700 3865 802 3927 quem
825 3845 957 3908 nullum
976 3865 1129 3928 unquam
1142 3846 1367 3928 improvisum

459 4112 628 4171 ³*lillebona
638 4104 758 4156 mirabilis
774 4103 882 4153 araneis
905 4106 947 4154 the
962 4107 1096 4167 testimony
1107 4105 1136 4154 of
1143 4121 1159 4154 a
1170 4111 1368 4168 contemporary,

438 4183 567 4248 uqa]
583 4144 880 4238 Colicemingtbeprodi-
907 4176 1030 4226 Giraldus
1058 4176 1227 4239 cambrensis,
1255 4178 1288 4225 de
1313 4178 1366 4225 vita

435 4249 656 4308 amal
664 4247 714 4298 this
727 4245 832 4307 prolate,
839 4259 881 4294 see
909 4246 1029 4298 Gaufridi
1039 4246 1160 4308 Archiep.
1173 4212 1268 4296 Ebdr.¹
1261 4248 1288 4296 ri.
1297 4251 1337 4296 19.
