3208 5036
402 453 449 500 nn
472 453 589 503 nunus
611 453 734 504 onsrrs
757 455 910 504 ιιιοιιιιιιι
936 457 1052 506 naun.
1159 441 1203 504 75

254 627 353 692 asse;
375 610 497 678 horum
522 613 647 696 gratia,
673 614 828 680 Francos
852 615 913 700 qui
935 615 1129 682 residerent
1148 615 1366 681 in-Amum.

254 712 481 794 conquisitam
506 712 786 800 Hierosolymam
814 718 1017 783 deseruisse.
1069 717 1205 784 Rumor

256 813 343 878 vires
365 833 410 878 ex
430 813 611 880 diffinione
628 818 769 901 recepit,
784 825 820 882 et
840 818 878 881 in
899 837 1008 883 unum
1030 817 1204 884 hominem

255 915 406 978 omnium
423 914 600 980 hominum
614 919 798 984 suscitavit
810 918 987 984 invidiam.

226 1013 392 1098 ⁵596.
415 1015 619 1082 Reversus
609 1037 646 1082 ιιι
671 1018 855 1084 Franciam
883 1019 1043 1084 dominns
1075 1019 1203 1084 Belva-
1188 1021 1299 1122 Ἃ
1310 1021 1365 1112 13¹„ss

256 1116 366 1180 censis
395 1117 487 1199 regis
521 1118 576 1183 sui
607 1127 740 1185 secreto
775 1121 970 1186 susurravit
1001 1120 1039 1185 in
1073 1138 1204 1198 aurem,
1214 1123 1287 1164 «Μ

256 1216 347 1298 quod
367 1236 431 1282 rex
444 1215 584 1300 Anglioe
607 1221 667 1302 qui
689 1240 768 1285 eum
790 1221 975 1305 perderent
1001 1221 1145 1286 sicarios
1166 1222 1205 1284 in

257 1315 440 1382 Franciam
461 1319 707 1386 destinaverat.
760 1321 842 1386 Rex
864 1322 909 1387 ad
939 1322 1009 1386 ista
1032 1323 1204 1400 turbatus,

129 1483 134 1492 ,
256 1424 376 1482 conus
397 1419 519 1503 patriae
549 1421 844 1502 consuetudinem,
868 1423 1028 1489 custodes
1051 1423 1205 1506 corporis

212 1518 309 1582 lesui
328 1519 531 1586 lectissimos
556 1522 748 1604 ordinavit3
785 1524 918 1590 addidit
941 1525 1047 1590 etiam
1068 1525 1206 1590 mittere

256 1619 300 1682 ad
329 1619 577 1704 Imperatorem
603 1620 822 1689 Alamanniae
851 1626 996 1691 nuncios
1027 1645 1106 1690 oum
1128 1645 1205 1689 mu·

256 1720 405 1800 neribus,
433 1729 469 1787 et
497 1723 754 1807 imperatoriam
775 1727 995 1811 majestatem
1022 1726 1059 1791 in
1088 1725 1205 1791 odium

256 1821 346 1904 regis
361 1819 500 1904 Angliae
519 1824 688 1890 sollicitus
708 1825 902 1893 inclinavit.
954 1828 1012 1892 Ex
1036 1827 1206 1910 imperiali

255 1921 362 2003 igitur
395 1923 581 1990 mandetur
605 1925 730 2005 edicto,
761 1937 802 1994 ut
830 1947 950 1993 omnes
977 1928 1137 1994 civitates
1169 1935 1205 1992 et

212 2032 243 2078 15
257 2041 373 2087 omnes
398 2025 532 2108 imperii
553 2026 727 2111 principes
746 2047 863 2112 regem
887 2027 1095 2112 Auglorum,
1114 2029 1145 2092 si
1166 2028 1203 2091 in

256 2130 372 2205 partes
404 2144 485 2190 suas
507 2126 549 2192 de
576 2126 599 2191 J
602 2128 704 2193 udaea
724 2127 815 2195 forte
837 2131 974 2196 rediens
997 2129 1204 2205 devenisset,

257 2224 360 2288 armis
389 2225 600 2310 exciperent,
637 2235 674 2294 et
707 2229 774 2295 sibi
797 2231 916 2298 vivum
950 2231 1004 2297 vel
1030 2237 1204 2296 mortuum

256 2332 515 2406 praesentarent.
567 2328 605 2394 Si
629 2329 706 2411 quis
731 2330 764 2393 ei
791 2337 961 2416 parceret,
983 2338 1023 2396 ut
1046 2330 1205 2415 publicus

256 2424 365 2490 hostis
402 2427 536 2511 imperii
571 2429 791 2512 plecteretur.
856 2432 1054 2498 Paruerunt
1086 2448 1205 2495 omues

211 2535 245 2583 ²⁰
258 2524 480 2610 Imperatoris
498 2529 661 2613 imperi03
685 2537 720 2595 et
749 2533 862 2615 magis
883 2533 1024 2598 sedulus
1047 2532 1107 2596 ille
1132 2531 1205 2595 dux

256 2623 409 2692 Austriae
411 2649 537 2712 q,uem
559 2651 623 2695 rex
637 2629 777 2714 Angliae
795 2632 888 2717 apud
904 2632 1120 2699 Acoaronem
1142 2651 1205 2696 ex·

257 2735 508 2795 auctoraverat.

307 2829 395 2914 §92
427 2829 603 2896 Henricus
626 2852 742 2897 comes
768 2833 983 2918 Campaniae,
1007 2831 1144 2899 solus
1129 2846 1370 2938 Jamntchudgorg

257 2949 302 2994 ex
314 2933 534 3014 magnetibus
551 2933 795 2999 Francorum
785 2955 823 2998 m
837 2934 860 2999 J
862 2935 964 2999 udeea
984 2933 1137 3010 relictus,
1160 2909 1231 2996 ad
1216 2947 1327 3040 stockim
1334 2948 1371 2988 10·

213 3048 372 3112 srregem
397 3028 591 3114 Anglorum
615 3053 773 3100 reversus
798 3042 852 3098 est
873 3033 1014 3114 Jafeth;
1048 3033 1105 3097 cui
1127 2999 1317 3096 comm

258 3132 456 3197 nunciasset
478 3140 515 3197 et
536 3132 633 3198 ducis
649 3134 862 3216 Burgundioe
888 3153 1007 3199 casum
1031 3140 1066 3198 et
1087 3132 1207 3215 fugam

259 3229 564 3316 Francigenarum,
586 3253 682 3317 spem
704 3235 796 3316 regis
818 3235 870 3298 ita
895 3234 1033 3310 revixit,
1058 3240 1099 3297 ut
1123 3253 1207 3297 mox

258 3351 392 3396 omnem
412 3354 491 3398 cum
512 3334 638 3399 sudore
650 3334 788 3399 vitifero
805 3333 974 3417 reciperet
992 3333 1208 3415 sospitatem.

258 3429 399 3497 Viribus
427 3436 532 3500 etiam
561 3435 714 3518 corporis
743 3455 788 3500 ex
815 3434 1101 3517 magnanimitate
1127 3433 1207 3517 plus

215 3552 246 3598 so
259 3551 362 3615 quam
376 3554 421 3598 ex
437 3536 553 3619 quiete
568 3537 625 3601 vel
648 3537 724 3600 cibo
747 3537 920 3614 resumtis
944 3533 1123 3599 mandavit
1144 3555 1206 3618 per

257 3640 367 3707 totam
389 3637 596 3701 maritimam
621 3656 644 3701 a
663 3635 758 3720 Tyro
780 3656 891 3719 usque
917 3636 962 3700 ad
987 3633 1207 3712 Ascalonem,

258 3741 299 3799 ut
311 3755 430 3800 omnes
446 3737 506 3819 qui
518 3744 680 3820 poterant
694 3737 738 3801 ad
753 3737 846 3802 bella
858 3734 1042 3820 procedere
1056 3734 1100 3798 ad
1115 3736 1207 3816 regis

259 3853 448 3919 exspensas
475 3839 624 3903 militare
647 3838 815 3902 venirent.
867 3833 1040 3900 Convenit
1061 3833 1105 3897 ad
1128 3855 1206 3898 eum

259 3937 407 4019 populus
422 3939 497 4002 sine
513 3956 667 4014 numero,
681 3956 727 4000 ex
742 3937 866 4020 quibus
883 3954 965 4019 pars
983 3933 1133 4017 plurima
1146 3954 1206 4016 pe-

215 4053 247 4098 ro
259 4034 347 4102 dites
372 4037 530 4119 firerunt3
554 4039 690 4121 quibus,
704 4037 786 4119 quia
805 4035 945 4100 inutiles
966 4040 1078 4110 erant,
1092 4034 1207 4116 repul-

260 4138 320 4216 sis,
333 4140 506 4204 recensuit
526 4140 671 4222 equites,
686 4145 722 4201 et
735 4138 797 4201 vix
820 4134 953 4199 invenit
966 4133 1093 4197 milites
1108 4134 1208 4215 quin·

261 4257 380 4320 genos,
395 4247 431 4306 et
444 4239 626 4316 scutarios,
642 4255 787 4319 quorum
802 4232 933 4300 domini
939 4232 1125 4316 perierant,
1140 4233 1209 4297 duo
