3208 5036
402 435 450 481 nn
473 432 590 482 nnnus
613 432 735 480 cssrrs
759 432 913 480 urcium
940 433 1057 480 nuum.
1164 419 1208 482 57

256 599 377 672 turus3
401 593 462 656 sed
487 593 619 675 regina,
635 599 747 657 mater
761 591 848 677 ejus,
872 601 1028 658 metuens
1052 613 1096 657 ne
1120 593 1207 658 levis
1220 608 1370 660 nuum.

255 693 363 756 animi
377 694 577 758 adolescens
591 694 743 758 consiliis
762 693 974 759 Francorum
989 694 1118 777 ahquid
1133 715 1207 760 mo·

255 793 355 857 litum
381 795 446 858 iret
468 795 504 858 in
527 794 703 859 dominum
729 814 830 858 suum
859 802 895 860 et
922 794 1075 873 fratrem,
1101 797 1208 860 anxia

256 902 371 959 mente
386 902 577 978 pertractat
591 914 661 978 qua
682 902 801 978 posset
814 904 889 960 arte
909 896 971 960 filii
992 897 1207 979 propositum

227 995 432 1078 simpedire.
485 996 653 1060 Movebat
675 997 836 1060 nimirum
863 1004 899 1062 et
927 997 1106 1062 mordebat
1133 1017 1207 1061 ma-

257 1102 357 1160 terna
369 1097 503 1161 viscera
516 1097 554 1160 in
568 1104 718 1161 mentem
733 1097 875 1162 reducta
892 1098 1045 1180 priorum
1059 1090 1208 1162 filiorum'

256 1197 420 1276 conditio,
435 1204 470 1262 et
483 1198 699 1276 immaturus,
714 1199 864 1281 peccatis
878 1199 1109 1281 exigentibus,
1120 1200 1206 1263 utri-

256 1315 366 1379 usque
407 1299 579 1363 decessus.
631 1298 785 1364 Volebat
812 1299 883 1363 vim
922 1299 1134 1377 satisfacere,
1166 1308 1207 1366 ut

256 1397 380 1462 saltem
404 1400 495 1464 inter
519 1399 724 1464 novissimos
754 1400 939 1465 liberorum
962 1400 1029 1464 fide
1055 1407 1205 1480 servata,

209 1515 242 1562 ro
256 1497 389 1563 felicius
403 1507 515 1565 mater
528 1501 564 1564 in
580 1499 654 1564 fata
668 1501 882 1580 concederet,
897 1521 1002 1585 quam
1014 1508 1149 1584 patrem
1162 1503 1205 1566 il·

255 1599 758 1685 lorumcontigitpraecessisse.
781 1600 992 1667 Convocatis
1001 1603 1120 1684 itaque
1128 1604 1205 1666 uni·
1218 1613 1246 1713 [ὦ
1253 1617 1368 1708 rppenpg

256 1703 364 1764 versis
379 1703 567 1787 majoribus
580 1704 689 1784 regni,
699 1703 810 1786 primo
820 1703 911 1787 apud
917 1703 1204 1784 Windelesoram,
1217 1716 1272 1756 ther·

255 1802 406 1868 secundo
432 1804 524 1886 apud
548 1803 733 1882 Oxoniam,
758 1805 862 1868 tertio
888 1804 979 1887 apud
995 1803 1205 1883 LondoniaS,

255 1889 380 1984 quarto
403 1904 495 1986 apud
509 1904 737 1983 Wintoniam,
751 1906 812 1969 vix
828 1905 976 1988 propriis
998 1904 1148 1968 lacrimis
1171 1913 1206 1970 et

210 2023 241 2070 15
256 2011 457 2086 magnatum
471 2006 629 2087 precibus
639 2007 753 2088 potuit
767 2006 934 2083 obtinere,
949 2011 989 2068 ut
1005 2023 1075 2068 non
1090 2012 1204 2069 trans·

255 2102 397 2169 fretaret
411 2106 456 2169 ad
471 2114 618 2189 tempus,
665 2105 789 2171 Comes
803 2107 910 2188 igitur
923 2105 1110 2188 propositae
1123 2125 1204 2187 pro-

255 2202 413 2270 fectionis
427 2206 614 2272 frustratus
628 2206 763 2286 effectu,
778 2207 861 2272 fecit
872 2208 960 2272 istac
975 2207 1067 2289 quod
1079 2207 1204 2288 potuit,

255 2312 292 2368 et
316 2323 338 2368 a
360 2308 623 2374 constabulariis
647 2309 739 2390 regis
767 2309 810 2372 de
824 2308 1045 2373 Windlesora
1067 2314 1102 2370 et
1117 2307 1203 2372 Wa-

255 2405 416 2488 hngford,
431 2409 474 2472 ad
497 2429 534 2472 se
555 2415 688 2474 secreto
703 2409 849 2488 vocatis,
873 2408 1017 2472 castella
1039 2409 1203 2490 suscepit,

210 2527 244 2574 20
256 2513 291 2572 ct
304 2516 442 2592 recepta
456 2511 527 2573 suis
538 2509 665 2596 juratis
681 2511 748 2574 sibi
761 2509 986 2574 custodienda
998 2509 1184 2592 delegavit.

307 2608 402 2692 §te
434 2610 605 2676 Mandato
634 2610 927 2693 Rothomagensis
955 2610 1204 2694 archiepiscopi
1216 2615 1367 2715 ffifflffm

145 2723 153 2740 ·
255 2718 492 2775 convenerunt
519 2712 689 2776 columnae
718 2713 884 2790 ecclesiae,
914 2713 1030 2795 legum
1061 2711 1203 2790 librarii,

256 2810 348 2892 apud
363 2811 582 2890 Londonias,
596 2813 687 2877 inter
709 2813 808 2896 regni
831 2814 982 2895 negotia,
1002 2818 1042 2876 ut
1064 2813 1203 2894 saepiuS,

256 2910 299 2974 de
312 2912 429 2995 aliquo
451 2921 513 2978 aut
535 2914 577 2977 de
599 2914 707 2978 nihilo
730 2913 890 2978 locuturi.
943 2913 1105 2977 Omnium
1129 2920 1205 2977 erat

209 3025 328 3075 asuna
353 3014 516 3078 voluntas
541 3014 726 3079 convenire
749 3015 908 3079 comitem
934 3012 1131 3078 Johannem
1161 3014 1203 3078 de

257 3115 503 3194 praesumtione
528 3116 773 3196 castellorum3
803 3116 875 3193 scd,
898 3114 981 3197 quia
1009 3132 1047 3177 se
1075 3113 1205 3196 singuli

256 3213 320 3278 sibi
334 3215 481 3280 invicem
495 3237 566 3281 non
580 3217 785 3294 credebant,
791 3215 946 3298 quisquis
962 3215 1039 3292 sibi,
1055 3215 1138 3296 quia
1153 3214 1204 3277 al-

256 3320 366 3379 terum
390 3323 558 3396 metuens,
572 3317 703 3382 vicario
725 3317 966 3400 potiusquam
988 3314 1127 3398 proprio
1142 3333 1204 3378 vo·

258 3414 351 3480 lebet
379 3438 438 3482 ore
464 3418 610 3502 proferri
635 3418 873 3502 quaestionem.
925 3414 983 3481 Ad
1008 3415 1074 3480 hoc
1098 3414 1205 3496 igitur

208 3530 244 3578 so
256 3518 414 3582 omnibus
429 3527 465 3583 et
477 3520 543 3584 hoc
558 3520 672 3587 animo
687 3521 794 3585 verba
805 3518 1065 3595 ventilantibus,
1076 3516 1205 3580 AEaeus

256 3636 346 3681 unus
366 3621 475 3699 abest,
491 3621 534 3684 ad
550 3640 652 3704 quem
676 3621 778 3685 simul
798 3620 951 3686 universi
973 3625 1207 3684 convenerant

256 3705 528 3784 conveniendum
544 3742 552 3801 ;
568 3721 628 3784 sed
640 3729 676 3785 et
686 3721 766 3785 dum
783 3721 874 3785 inter
887 3721 1058 3802 agendum
1067 3719 1109 3783 de
1124 3718 1206 3782 olim

257 3817 473 3886 Cancellario
499 3822 685 3886 casualiter
708 3828 927 3897 tractaretur,
954 3825 1053 3883 ecce!
1082 3820 1206 3883 iterum

253 3917 438 4004 Crispinus
453 3923 563 3987 adest.
602 3921 850 4004 Ingrediuntur
864 3920 1074 3984 auditorium
1090 3918 1207 3982 nuncii

257 4130 365 4193 English
387 4133 543 4194 possessione
564 4134 591 4182 in
607 4133 718 4193 irenem
746 4133 836 4184 Queen
846 4131 951 4180 Elianor
961 4130 1011 4180 und
1021 4129 1128 4192 Walter,
1138 4127 1208 4180 amh-

256 4215 289 4250 an
308 4202 370 4250 offer
379 4203 464 4251 which
476 4203 544 4253 John
556 4204 720 4274 was—willintr
746 4203 835 4264 bishop
846 4201 876 4251 os
884 4202 981 4251 Rouen.

257 4276 283 4321 to
303 4278 401 4338 accept,
410 4274 458 4323 but
468 4288 523 4325 was
536 4274 672 4336 prevented
687 4276 721 4338 by
782 4271 946 4338 ⁵1mpedire.]
964 4269 1165 4336 praepedirer.
