3208 5036
411 481 458 526 or
482 477 598 528 nunus
621 479 744 528 oasrrs
768 477 920 526 arenant
947 473 1063 527 rarus.
1165 464 1210 528 29

260 637 444 715 mandatis,
460 637 496 700 in
511 637 634 720 quibus
652 637 809 701 omnibus
824 644 901 700 erat
915 637 1101 714 conclusio,
1118 635 1209 700 Can·
1222 648 1373 698 aalma

260 739 401 802 cellario
423 738 612 821 parendum
635 739 679 800 ab
699 737 868 801 omnibus.
922 737 1038 800 Fratri
1061 738 1211 801 maxime

261 859 324 903 suo
332 838 359 903 J
362 840 490 903 obanni
505 839 683 902 mandavit
695 857 756 919 per
771 837 927 918 singulos
943 839 1157 914 nunciorum,
1172 845 1212 902 ut

261 939 453 1004 adhaereret
468 938 696 1013 Cancellario,
712 945 752 1002 ut
774 946 896 1001 contra
915 957 1034 1002 omnes
1057 938 1212 1002 homines

234 1041 313 1108 silli
327 1040 425 1104 fieret
438 1039 610 1122 praesidio,
619 1045 659 1102 ut
672 1039 865 1121 praestitum
879 1039 944 1101 sibi
959 1046 1212 1102 sacramentum

262 1160 332 1204 non
343 1141 500 1204 violaret.
546 1138 626 1202 Rex
637 1136 1211 1219 Angliae.mandavitCancellario,

263 1247 297 1303 et
319 1240 506 1304 conventui
529 1237 739 1316 Cantuariae,
761 1245 796 1302 et
818 1237 988 1321 episcopis
1012 1239 1211 1321 provinciae,

263 1347 302 1403 ut
315 1341 479 1404 canonice
495 1347 531 1403 et
545 1340 770 1403 communiter
785 1339 1003 1403 consulerent
1019 1341 1212 1420 metropoli,

264 1440 346 1521 quia
368 1439 589 1504 Baldewinus
615 1439 796 1503 defunctus
820 1440 965 1520 praelato
986 1439 1212 1518 destituerat3

219 1539 306 1603 rode
339 1540 479 1605 abbatia
516 1560 599 1604 vero
624 1539 924 1604 Westmonasterii
954 1540 1030 1624 jam
1067 1548 1214 1604 vacante

264 1639 339 1704 solo
362 1639 578 1704 Cancellario
599 1641 809 1723 permittitur
835 1640 993 1704 ordinare
1018 1661 1081 1723 pro
1103 1641 1212 1705 libito.

266 1739 413 1823 Eclipsis
439 1741 522 1804 solis
548 1741 639 1806 circa
665 1741 785 1804 horam
812 1739 879 1803 diei
904 1742 1063 1819 tertiam3
1099 1741 1215 1805 mirati

264 1848 346 1904 sunt
358 1840 419 1922 qui
432 1859 555 1904 causas
566 1860 679 1904 rerum
693 1840 863 1917 nesciunt,
877 1841 980 1904 nullis
995 1842 1214 1905 obstantibus

265 1940 330 2004 soli
345 1941 504 2018 nubibus,
528 1940 640 2005 medio
655 1940 710 2004 die
733 1940 815 2003 solis
839 1939 954 2004 radios
978 1936 1080 2004 solito
1099 1941 1214 2005 lucere

222 2063 254 2108 15
265 2040 429 2121 debilius3
453 2041 513 2104 sed
538 2040 574 2104 hi
599 2045 685 2122 quos
709 2041 820 2122 agitat
841 2040 959 2104 mundi
982 2041 1080 2104 labor
1094 2040 1214 2106 dicunt

263 2140 348 2205 solis
362 2148 397 2205 et
412 2141 504 2206 lunae
518 2141 671 2205 desectus
695 2140 807 2204 lacere
829 2139 959 2224 aliquid
983 2161 1053 2204 non
1080 2141 1212 2223 signifi-

265 2261 354 2306 care.
698 2267 699 2272 ¹

316 2343 397 2428 §37.
409 2343 432 2406 J
435 2344 588 2407 ohannes
599 2343 706 2406 frater
717 2343 820 2424 regie,
830 2343 889 2426 qui
898 2342 958 2406 illo
969 2342 1098 2406 dudum
1110 2362 1211 2406 aures
1224 2342 1332 2382 ¹³¹⁰¹¹¹⁰²⁶⁸
1342 2344 1379 2382 th‘

1222 2394 1378 2442 disagreement

265 2442 433 2509 babuerat
454 2452 494 2508 ut
512 2464 575 2527 pro
595 2452 689 2508 certo
711 2444 809 2507 novit
824 2443 916 2525 quod
931 2443 1039 2507 irater
1065 2444 1108 2507 ad
1133 2441 1208 2506 An·
1222 2445 1363 2534 fflffigss‘

221 2543 372 2625 angliam
385 2552 485 2626 terga
499 2551 662 2620 verterat,
666 2543 740 2626 jam
749 2544 824 2607 ibat
837 2564 899 2626 per
912 2544 1086 2625 regionem
1101 2565 1209 2627 popu·
1223 2546 1379 2586 ²¹¹⁶W¹J⁰h¹¹=

266 2644 382 2722 losior,
404 2666 468 2711 nec
489 2644 693 2728 prohibebat
713 2662 794 2707 suos
821 2663 858 2707 se
881 2645 973 2725 regis
995 2647 1211 2709 nominantes

266 2743 435 2810 heredem.
493 2745 540 2809 Et
567 2746 657 2809 sicut
687 2743 882 2808 horrescere
912 2746 1022 2808 solum
1051 2745 1140 2810 solet
1168 2746 1213 2809 ad

263 2845 349 2908 solis
374 2845 577 2922 absentiam,
600 2845 649 2908 sic
669 2845 820 2909 alterata
841 2852 895 2908 est
919 2845 1018 2926 regni
1039 2844 1145 2909 facies
1169 2846 1214 2909 ad

267 2945 358 3026 regis
396 2945 603 3008 abscessum.
673 2943 862 3009 Moventur
893 2946 1019 3026 quique
1052 2945 1213 3029 majoreS,

222 3062 255 3107 25
268 3052 382 3109 castra
390 3045 581 3123 firmantur,
590 3044 791 3109 muniuntur
799 3045 937 3127 oppida,
947 3044 1079 3109 fossata
1087 3046 1214 3109 radun-

266 3151 335 3208 tur.
386 3143 676 3229 Archiepiscopus
698 3144 989 3226 Rothomagensis
1011 3165 1080 3209 non
1103 3147 1214 3228 magis

267 3243 374 3308 suturi
400 3247 626 3329 praesentiens
657 3263 761 3328 quam
790 3246 848 3328 qui
875 3244 983 3308 fomes
1009 3244 1216 3310 laudabatur

267 3341 404 3423 erroris,
429 3347 480 3411 ita
506 3347 679 3410 arridebat
707 3344 830 3408 callide
861 3342 1087 3422 Cancellarm,
1111 3353 1151 3410 ut
1180 3355 1216 3411 et

269 3444 344 3528 ejus
360 3447 492 3510 aemulis
508 3467 578 3510 non
592 3446 798 3528 displiceret.
851 3444 1041 3509 Mittuntur
1052 3447 1215 3529 privatim

224 3560 257 3606 ao
268 3545 387 3610 brevia
404 3567 466 3630 per
481 3548 627 3611 barones
644 3546 725 3610 cleri
741 3553 776 3609 et
790 3546 920 3630 populi,
937 3554 973 3610 et
986 3547 1216 3612 sollicitantur

268 3645 373 3709 animi
382 3647 595 3729 singulorum
604 3644 909 3711 inCancellarium.
964 3647 1092 3712 Militia
1100 3649 1218 3714 comiti

267 3744 413 3810 libenter
442 3748 502 3812 sed
533 3748 681 3812 latenter
713 3748 962 3824 consentiebat,
993 3749 1105 3812 clerus
1134 3769 1216 3813 vero

304 3989 324 4023 ¹²
338 3994 391 4042 'I'he
403 3997 497 4058 eclipse
513 3998 571 4046 here
588 3998 728 4047 alludedto
789 3993 810 4025 ²⁸
825 3995 979 4060 mdabat]
1005 3997 1124 4046 Arridere
1142 3998 1218 4046 calle-

268 4065 401 4126 happened
416 4072 442 4114 at
460 4067 582 4130 hall-past
599 4069 686 4118 eleven
697 4072 728 4114 on
753 4067 806 4127 bat,
818 4067 850 4115 P.

268 4135 310 4184 the
321 4134 437 4184 forenoon
449 4137 477 4184 of
484 4139 552 4188 June
564 4143 606 4201 23,
621 4143 693 4187 1191.
789 4133 810 4166 ²⁹
827 4136 986 4199 Mittantur]
1015 4137 1062 4184 Vel
1085 4137 1164 4199 ibant,
1188 4139 1218 4188 G.

303 4201 322 4234 ²¹
340 4206 508 4270 Prohibetur]
526 4210 574 4258 Vel
589 4208 730 4266 cohibebat,
756 4207 805 4254 and
818 4207 850 4256 P.
861 4208 935 4268 gloss.

269 4276 301 4324 P.
312 4276 386 4338 glosa.
