3208 5036
403 441 450 486 nn
474 441 591 490 annus
615 441 737 488 orsus
762 441 914 490 morani
939 443 1056 492 rrum.
1157 429 1201 494 19

248 617 402 664 mensam
416 618 555 665 auream
569 599 748 664 duodecim
761 599 887 683 pedum
901 601 938 664 in
951 601 1106 682 longum,
1122 609 1197 666 ten·
1210 614 1360 668 nunu.

248 700 374 763 terium
388 701 546 778 sericum,
561 708 700 765 centum
715 700 834 782 galeas
849 701 997 783 optimas
1022 721 1100 766 cum
1123 723 1196 766 om-

248 800 349 864 nihus
374 801 440 864 sibi
463 801 507 864 ad
530 801 617 864 duos
640 819 749 864 annos
772 801 986 879 necessariis,
1012 803 1198 884 sexaginta

247 900 355 964 millia
369 901 488 964 silinas
503 901 546 964 de
563 900 747 978 frumento,
762 902 946 982 sexaginta
960 902 1069 968 millia
1083 902 1125 966 de
1140 923 1196 967 or-

218 1000 323 1077 adeo,
345 1001 531 1082 sexaginta
551 1001 659 1065 millia
679 1001 721 1064 de
734 1002 828 1078 vinc,
843 1001 968 1082 viginti
991 1009 1026 1066 at
1048 1011 1198 1084 quatuor

247 1119 377 1182 cuppas
388 1120 524 1186 aureas,
533 1109 568 1165 et
578 1101 702 1182 viginti
717 1108 752 1164 et
765 1107 915 1183 quatuor
928 1102 1041 1166 discos
1059 1122 1194 1168 aureos.

246 1199 327 1264 Rex
341 1201 481 1282 Siciliae,
495 1201 660 1266 mandata
671 1201 763 1284 regis
778 1199 973 1282 Anglorum
985 1220 1093 1284 parvo
1107 1223 1194 1286 pon-

245 1300 373 1365 derans
393 1310 429 1366 et
450 1302 495 1366 de
515 1302 700 1382 exigentiis
721 1301 835 1366 minus
857 1302 1027 1384 cogitans,
1041 1322 1194 1368 sororem

244 1401 376 1466 remisit
387 1402 438 1466 illi
451 1422 529 1466 cum
540 1402 684 1466 thalami
696 1401 771 1486 ejus
786 1401 941 1484 simplice
953 1403 1193 1486 suppellectili,

201 1501 335 1567 ludatis
362 1510 479 1566 tamen
504 1501 556 1566 illi
583 1503 783 1584 dignatione
806 1503 903 1584 regia
924 1502 1016 1566 mille
1044 1503 1193 1568 millibus

244 1601 467 1668 Terrinorum
489 1601 534 1666 ad
559 1621 760 1685 exspensas.
814 1602 979 1685 Sequenti
1001 1602 1055 1667 die
1078 1605 1194 1682 tertio,

244 1721 307 1765 rex
321 1701 473 1785 Angliae‚
496 1703 699 1768 transmisso
721 1702 861 1766 flumine
884 1721 1011 1784 magno
1030 1701 1087 1766 del
1112 1703 1193 1782 Far,

244 1802 336 1883 quod
359 1822 381 1867 a
403 1803 521 1868 Sicilia
536 1802 732 1868 Calabriam
755 1809 905 1885 separat,
931 1809 1084 1867 armatus
1098 1805 1194 1868 venit

245 1900 452 1981 Calabriam,
467 1911 503 1969 et
515 1904 608 1986 cepit
626 1903 665 1967 in
686 1922 728 1967 ea
750 1903 913 1986 oppidum
927 1903 1193 1967 munitissimum

199 2020 230 2065 rs
244 2002 336 2085 quod
357 2004 482 2069 dicitur
503 2004 539 2067 la
560 2003 746 2081 Banniere‚
767 2003 954 2087 ejectisque
969 2001 1192 2080 Griffonibus,

242 2104 360 2186 posuit
379 2105 428 2168 ibi
449 2123 600 2168 sororem
623 2123 733 2180 suam,
748 2111 783 2167 et
795 2103 909 2167 locum
923 2102 1031 2166 milite
1046 2104 1194 2167 munivit

242 2211 387 2268 armato.
440 2205 576 2269 Rursus
590 2224 653 2267 rex
671 2204 764 2287 cepit
776 2202 956 2268 castellum
971 2202 1193 2266 fortissimum

242 2304 335 2385 quod
356 2304 482 2369 dicitur
497 2304 748 2369 Monasterium
764 2303 970 2379 Griffonum,
985 2303 1021 2365 in
1036 2303 1112 2384 ipso
1127 2303 1191 2368 flu·

182 2440 183 2444 =
242 2404 334 2467 mine
355 2405 412 2468 del
425 2405 507 2484 Far,
522 2405 626 2469 situm
651 2405 742 2469 inter
761 2404 798 2468 la
813 2403 984 2468 Bauniere
1007 2408 1042 2466 et
1057 2401 1192 2468 Messa·

196 2528 230 2573 ao
243 2522 335 2582 nam,
350 2513 557 2589 captumque
571 2505 723 2570 firmavit
736 2525 745 2584 3
769 2503 1013 2587 confectosque
1030 2503 1104 2566 sine
1128 2505 1191 2567 mi-

242 2606 413 2670 seratione
435 2605 689 2670 calamitatibus
714 2605 819 2669 variis
843 2603 1028 2681 Griffones,
1055 2602 1115 2685 qui
1137 2623 1191 2668 re·

241 2705 414 2783 stiterant,
429 2706 501 2769 suis
516 2706 590 2769 fieri
604 2704 686 2770 secit
698 2704 856 2769 ludibrio.
909 2703 1014 2767 Wido
1026 2722 1088 2766 rex
1104 2702 1190 2767 Hie-

241 2805 491 2889 rosolymorum
511 2806 690 2871 mandavit
704 2805 867 2888 Philippo
889 2804 963 2885 regi
979 2803 1191 2870 Francorum

126 2966 130 2974 ,
241 2912 276 2968 et
291 2905 442 2970 Ricardo
451 2907 525 2988 regi
539 2905 745 2988 Anglorum,
761 2903 991 2968 hiemantibus
1010 2903 1047 2965 in
1060 2901 1190 2979 Sicilia,
1203 2935 1208 2946 ·

194 3018 226 3063 25
241 3006 333 3085 quod
348 3007 476 3070 residui
492 3005 778 3082 Christianomm,
793 3005 853 3086 qui
868 3011 949 3068 ante
958 3001 1070 3068 Acras
1084 3021 1190 3066 excu-

240 3105 380 3184 babant,
407 3113 548 3191 propter
574 3107 629 3171 sui
657 3105 896 3188 impotentiam
920 3110 955 3167 et
976 3121 1191 3187 paganorum

238 3205 450 3284 violentiam,
474 3208 541 3271 nisi
564 3207 789 3271 subveniatur
809 3203 964 3280 celerius,
988 3210 1050 3268 aut
1071 3201 1191 3284 sugere

239 3303 417 3385 haberent,
433 3315 495 3373 aut
509 3308 721 3371 occumbere.
758 3303 816 3368 Ad
832 3323 977 3386 qnorum
991 3302 1190 3385 praesidium

237 3425 336 3487 reges
351 3407 592 3491 praemiserunt
604 3405 794 3470 Henricum
808 3404 967 3471 comitem
978 3402 1190 3485 Campaniae,

192 3519 225 3564 so
238 3514 274 3570 et
285 3507 523 3572 Baldewinum
531 3505 825 3590 archiepiscopum
835 3503 1046 3580 Cantuariae,
1062 3511 1097 3570 et
1112 3500 1191 3566 Hu-

238 3607 372 3671 bertum
408 3609 607 3691 episcopum
630 3606 853 3684 Saresburiae,
877 3611 914 3669 et
936 3603 1127 3669 Ranulfum
1149 3604 1191 3667 de

239 3704 428 3786 Glanvilla,
443 3728 521 3772 cum
535 3707 691 3773 exercitu
704 3707 841 3786 valid03
865 3724 910 3769 ex
925 3705 1050 3788 quibus
1065 3703 1191 3767 Balde-

237 3807 349 3870 winus
372 3808 650 3892 archiepiscopus
679 3814 715 3871 et
743 3805 918 3870 Ranulfus
947 3805 990 3867 de
1014 3802 1193 3867 Glanvilla

271 3982 290 4014 ¹¹
309 3986 463 4051 creterra]
487 3986 606 4048 Namely‚
627 4000 695 4047 upon
720 3983 777 4031 ther
792 3982 818 4029 in
833 3979 939 4042 Apulia,
960 3977 1048 4038 Sicily,
1065 3975 1148 4036 Crete,
1164 3989 1193 4023 or

234 4055 304 4116 Sept.
316 4060 356 4105 30.
721 4051 875 4111 elsewhere3
889 4051 909 4098 it
916 4062 1025 4110 appears
1030 4046 1125 4096 tohave
1130 4047 1194 4094 been

270 4123 290 4154 ¹⁵
306 4126 443 4189 Ejecttsque
451 4125 628 4191 Grtffontbus]
644 4124 698 4174 'Ihe
723 4138 740 4172 a
760 4137 833 4171 name
849 4120 879 4169 or*
886 4123 1012 4179 contempt
1031 4116 1148 4167 invented
1159 4116 1194 4176 by

233 4198 296 4243 term
303 4195 603 4247 Griffonesincludedthe
612 4194 697 4247 Greek
723 4194 765 4243 the
776 4193 879 4242 Francs.

232 4264 699 4328 population,whereversettled‚whe-

980 4333 1044 4396 οἳ
