3208 5036
396 457 440 520 60
658 470 845 520 RchRDUS
868 469 1086 518 nrvrsruusrs

232 630 529 694 A.1).1reaiudiciis
552 630 720 694 celebrem
735 629 801 693 sibi
816 629 942 694 famam
965 629 1008 693 de
1030 629 1254 713 martyrizato
1269 650 1290 695 a
1307 649 1344 696 se

393 732 429 795 in
444 731 626 795 Wintonia
640 750 747 813 puero
762 730 994 795 confecerunt.
1048 729 1160 794 Casus
1182 739 1257 796 erat
1278 731 1341 794 hu·

388 832 553 916 jusmodi.
601 831 752 896 Puerum
775 832 958 915 quemdam
986 830 1233 910 Christianum,
1256 834 1341 897 artis

392 935 533 998 sutoriae
548 932 705 1009 sciolum,
718 930 741 996 J
745 933 865 996 udaeus
880 932 1018 1015 quidam
1042 932 1078 996 in
1100 932 1269 996 familiare
1289 933 1341 1000 fa·.

391 1034 495 1098 miliae
511 1053 582 1098 suae
598 1035 814 1098 consciverat
827 1033 1065 1098 ministerium.
1104 1033 1187 1097 Non
1201 1035 1248 1097 ibi
1259 1054 1340 1098 con·
1369 1052 1384 1096 s

392 1134 527 1198 tinuum
549 1135 721 1199 residebat
744 1134 789 1199 ad
814 1153 913 1217 opus,
937 1153 1000 1197 neo
1022 1153 1186 1215 magnum
1212 1135 1340 1218 aliquid

392 1236 498 1299 semel
518 1236 694 1299 sinebatur
713 1235 866 1318 explere,
880 1255 924 1299 ne
938 1235 1112 1318 provisam
1128 1235 1194 1298 sibi
1211 1236 1339 1300 caedem

391 1337 554 1417 probaret
577 1335 807 1415 cohabitati03
834 1343 870 1400 et
900 1343 950 1412 ut,
975 1355 1039 1418 pro
1068 1335 1203 1399 modico
1222 1336 1340 1402 labore

390 1437 513 1500 melius
526 1437 574 1500 ibi
589 1456 692 1518 quam
706 1456 770 1519 pro
786 1437 895 1501 multo
909 1437 993 1500 alibi
1013 1443 1262 1515 remuneratae,
1278 1437 1339 1502 do-

390 1556 484 1600 mum
499 1537 678 1613 daemonis,
691 1537 790 1601 donis
813 1537 888 1622 ejus
904 1544 939 1601 et
953 1536 1041 1600 dolis
1063 1537 1210 1615 illectus
1230 1537 1338 1602 libeu-
1352 1552 1384 1598 ro

390 1636 460 1700 tius
497 1637 742 1720 frequentaret.
796 1637 925 1701 Fuerat
949 1623 1065 1702 autem
1091 1638 1247 1702 Francus
1278 1660 1337 1722 ge-

391 1757 484 1815 nere,
498 1739 650 1822 pupillus
664 1746 700 1803 et
714 1737 902 1821 orphanus,
919 1738 1063 1824 abjectae
1083 1739 1288 1804 conditionis
1304 1748 1338 1806 et

390 1840 605 1922 paupertatis
633 1847 810 1904 extremae.
862 1838 941 1902 Has
969 1839 1165 1923 hujusmodi
1184 1841 1338 1906 miserias

388 1939 425 2004 in
442 1940 593 2004 Francia
605 1941 694 2004 male
714 1940 896 2004 miseratus
910 1939 1051 2023 quidam
1064 1938 1087 2004 J
1090 1940 1209 2004 udaeus
1227 1942 1336 2006 Fran·

385 2040 512 2122 eigana
537 2041 664 2104 crebris
686 2040 718 2104 ei
742 2040 881 2104 monitis
906 2041 1089 2124 persuasit,
1115 2049 1154 2106 ut
1173 2039 1336 2124 Angliam
1350 2055 1381 2101 1⁵

388 2149 531 2224 peteret,
547 2150 674 2207 terram
687 2142 777 2206 lacte
791 2149 826 2206 et
842 2141 942 2205 melle
959 2149 1174 2222 manantem;
1199 2140 1335 2226 Auglos

386 2241 545 2306 liberales
560 2242 763 2326 praedicavit
786 2248 822 2305 et
843 2241 1015 2325 dapsiles3
1039 2242 1089 2306 ibi
1118 2243 1262 2320 nullum,
1276 2246 1336 2327 qui

386 2342 554 2408 niteretur
588 2343 632 2406 ad
659 2343 879 2425 probitatem,
908 2362 1095 2426 pauperem
1120 2344 1333 2410 moriturum.

387 2441 480 2507 Puer
505 2443 710 2527 promtulus,
735 2451 775 2508 ut
802 2444 1006 2508 naturaliter
1032 2444 1243 2510 Francorum
1270 2454 1334 2525 est,

385 2543 430 2607 ad
445 2544 534 2608 velle
549 2545 711 2627 quicquid
726 2545 890 2621 volueris,
905 2551 1059 2609 assumto
1079 2564 1195 2609 secum
1211 2548 1334 2612 comite
1347 2563 1380 2608 ao

385 2644 534 2726 quodam
556 2652 733 2709 coaetaneo
753 2664 816 2709 suo
842 2654 877 2711 et
900 2647 1141 2728 compatriota,
1168 2647 1212 2710 ad
1236 2668 1334 2731 pere-

384 2745 484 2827 grine
518 2745 804 2829 proficiscendum
836 2747 1042 2829 praecinctus
1072 2754 1149 2828 est3
1184 2748 1269 2812 nihil
1298 2750 1334 2812 iu

383 2846 541 2910 manibus
554 2847 684 2910 habens
698 2853 825 2929 praeter
835 2846 1006 2925 baculum,
1018 2846 1102 2912 nihil
1113 2849 1150 2912 in
1159 2849 1335 2932 sytarchia

386 2953 514 3029 praeter
528 2947 697 3011 subulam.

435 3047 452 3131 ᾗ
481 3047 534 3112 80.
572 3047 754 3114 Valedixit
786 3046 809 3112 J
812 3049 912 3114 udaeo
949 3067 1036 3128 su03
1083 3050 1137 3112 cui
1176 3049 1332 3130 Judaeus,
1345 3064 1376 3110 ae

383 3147 532 3224 ‘Vada'
557 3149 619 3226 ait,
650 3149 828 3214 ‘viriliter
880 3149 978 3214 Deus
1012 3156 1150 3232 patrum
1180 3171 1333 3216 meorum

383 3247 531 3313 deducat
553 3256 588 3313 te
609 3250 700 3314 sicut
722 3249 901 3315 desidero!
953 3249 1013 3327 Et,
1038 3251 1208 3333 impositis
1223 3253 1333 3316 mani-

382 3350 447 3414 bus
473 3371 576 3434 super
599 3358 704 3434 caput
719 3351 806 3435 ejus,
829 3351 921 3416 acsi
942 3359 1033 3416 esset
1054 3352 1168 3416 hircus
1191 3355 1332 3418 emissa-

382 3451 466 3527 riuS,
492 3460 572 3534 post
594 3452 758 3517 stridores
784 3453 951 3534 quosdam
974 3453 1125 3535 gutturis
1151 3460 1186 3518 et
1207 3457 1332 3520 tacitas

384 3550 660 3632 imprecationes,
679 3551 755 3635 jam
794 3551 836 3614 de
869 3552 988 3635 praeda
1013 3572 1166 3633 securus,
1194 3555 1332 3639 adjecit,
1345 3570 1377 3616 au

383 3650 505 3715 ‘Forti
525 3651 640 3714 animo
662 3658 749 3728 esto,
765 3651 966 3716 obliviscere
989 3655 1153 3736 populum
1176 3662 1275 3720 tuum
1298 3665 1333 3722 et

384 3737 510 3814 terram
524 3757 632 3829 tuam,
647 3751 729 3835 quia
749 3753 859 3814 omnis
881 3760 974 3817 terra
989 3752 1070 3818 forti
1085 3756 1199 3838 patria
1213 3765 1277 3836 est,
1293 3766 1333 3822 ut

383 3851 534 3933 piscibus
550 3871 680 3934 aequor,
694 3860 734 3917 ut
748 3852 881 3918 volucri
894 3872 1005 3918 vacuo
1020 3855 1182 3939 quicquid
1198 3856 1235 3920 in
1250 3859 1332 3922 orbe

216 3966 330 4060 ffl⁸⁰²⁰¹
349 3973 374 4012 or
382 3959 490 4034 patet.
542 3951 707 4034 Angliam
731 3954 908 4036 ingressus
928 3954 959 4018 si
972 3954 1171 4020 Londonias
1185 3960 1332 4038 veneris,

277 4033 311 4071 Μ’
379 4052 537 4116 celeriter
551 4054 775 4136 pertransibis
789 4075 797 4134 ;
812 4057 958 4120 multum
970 4057 1062 4120 enim
1076 4057 1160 4121 mihi
1174 4057 1332 4142 displicet
1344 4071 1375 4118 as

379 4152 442 4218 illa
450 4153 551 4235 polis
593 4153 704 4218 Omne
713 4154 889 4219 hominum
905 4176 1015 4239 genus
1029 4159 1065 4222 in
1079 4158 1174 4221 illam
1190 4160 1332 4226 confluit

378 4273 424 4322 ex
448 4253 541 4320 omni
561 4254 713 4335 natione,
727 4275 805 4340 quae
829 4259 893 4321 sub
915 4259 1005 4324 coelo
1021 4266 1096 4341 est;
1120 4261 1231 4326 omnis
1246 4281 1331 4346 gens
