3208 5036
396 441 442 505 76
661 459 847 508 archanus
870 457 1086 506 musrrrusrs

235 633 385 685 Annum
397 617 517 682 millia.
568 617 644 682 Nec
663 625 780 681 tamen
794 637 857 699 pro
871 617 1047 700 paucitate
1062 614 1192 679 diffisus
1215 623 1353 680 mentes·

397 719 624 783 metuentium
648 717 765 782 rethor
795 718 945 800 optimus
982 718 1162 800 praemissa
1192 717 1348 781 oratione

399 817 528 883 refecit.
579 817 602 882 J
605 820 729 883 ubetur
744 816 830 882 edici
847 838 910 900 per
925 837 1052 882 cuneos
1066 826 1105 882 ut
1120 818 1156 880 in
1172 817 1263 881 diem
1278 826 1346 882 ter-

398 919 485 983 tium
510 919 602 983 acies
626 919 793 983 ordinatae
815 926 1005 1002 sequantur
1029 939 1156 1000 regem,
1184 919 1240 983 vel
1262 919 1349 982 mori

398 1021 576 1105 martyrio,
605 1020 658 1084 vel
681 1019 811 1085 viribus
834 1039 1035 1102 expugnare
1058 1019 1348 1102 Hierosolymam.
1377 1025 1392 1069 ⁵

400 1118 491 1184 Haec
514 1127 589 1185 erat
611 1121 686 1204 ejus
708 1139 842 1184 summa
857 1120 1004 1197 consilii,
1024 1121 1106 1202 quia
1127 1119 1239 1182 adhuc
1264 1119 1349 1183 nihil

400 1220 442 1284 de
457 1221 603 1285 induciis
617 1229 771 1286 noverat.
824 1219 937 1284 Nemo
952 1221 1055 1296 enim,
1071 1220 1162 1303 quod
1185 1241 1230 1284 ex
1252 1228 1348 1284 metu

398 1323 519 1386 mortis
533 1321 621 1405 ejus,
635 1322 711 1405 ipso
723 1321 907 1399 nesciente,
923 1329 1149 1404 praesumtum
1162 1319 1288 1398 fuerat,
1303 1341 1348 1384 ex

399 1422 575 1504 insperato
603 1422 735 1486 valenti
772 1440 876 1485 ausus
912 1429 987 1485 erat
1018 1421 1205 1486 insinuare.
1268 1421 1347 1486 Hu-

399 1523 518 1587 bertus
549 1541 631 1586 vero
658 1521 819 1598 Walteri,
849 1523 1029 1604 episcopus
1071 1521 1347 1600 Sarisburiensis‚
1361 1540 1393 1586 ιο

400 1623 651 1687 communicato
682 1642 760 1686 cum
788 1621 943 1686 Henrico
970 1623 1094 1687 comite
1127 1622 1169 1686 de
1201 1623 1348 1687 induciis

400 1724 556 1801 consilio,
585 1723 720 1787 facilem
749 1722 870 1787 habuit
901 1723 938 1786 in
972 1729 1094 1806 optata
1130 1742 1347 1788 consensum.

400 1822 538 1888 Pariter
552 1825 658 1906 igitur
673 1823 901 1889 deliberantes
922 1843 992 1907 qua
1011 1832 1154 1907 possent
1178 1832 1252 1889 arte
1274 1825 1349 1889 sine

400 1925 454 1988 sui
497 1925 650 2007 periculo
683 1925 912 2008 periculosum
947 1925 1110 2008 proelium
1145 1925 1347 2008 praepedire,

400 2044 504 2088 unam
529 2046 573 2088 ex
588 2026 681 2089 mille
695 2025 856 2090 viderunt
880 2026 910 2090 si
930 2025 1079 2108 populus
1093 2025 1349 2091 dissuaderetur
1361 2037 1392 2082 1⁵

401 2124 444 2188 ad
457 2145 621 2208 pugnam.
674 2125 720 2190 Et
731 2126 818 2190 mira
832 2145 886 2189 res
902 2127 1047 2207 accidit;
1069 2127 1121 2190 ita
1136 2146 1195 2190 cor
1214 2147 1348 2210 pugna-

400 2232 554 2290 turorum
580 2228 654 2291 sine
675 2225 890 2291 dissuasione
909 2226 1034 2291 defecit
1049 2226 1152 2310 quod,
1179 2226 1234 2291 die
1256 2227 1350 2292 dicto

401 2345 479 2389 oum
508 2332 570 2390 'rex
599 2347 661 2392 suo
690 2347 785 2391 more
814 2328 964 2409 praevius
993 2327 1223 2411 praeduxisset
1249 2348 1349 2392 exer-

399 2426 519 2504 citum,
548 2447 617 2490 non
642 2435 724 2492 sunt
744 2428 876 2493 inventi
898 2429 989 2493 inter
1018 2447 1136 2492 omnes
1165 2429 1290 2493 milites
1313 2436 1349 2494 et

400 2528 569 2590 scutarios
593 2528 658 2592 nisi
683 2529 861 2611 nongenti.
914 2527 968 2592 Ob
995 2549 1099 2614 quam
1123 2528 1393 2597 defectionemao'

399 2647 464 2690 rex
484 2626 585 2690 nimis
607 2629 770 2706 irascens,
789 2629 859 2693 imo
879 2630 1073 2707 vesaniens
1088 2636 1123 2694 et
1139 2630 1272 2711 virgam
1294 2632 1347 2712 pi·

400 2747 512 2805 neam,
544 2748 647 2812 quam
676 2747 781 2793 manu
810 2731 981 2811 gestabat,
1011 2730 1170 2795 dentibus
1207 2733 1347 2795 commi-

399 2848 521 2906 nuere,
545 2829 764 2911 indignantia
792 2829 931 2894 tandem
959 2830 1086 2894 talibus
1115 2849 1177 2894 ora
1194 2832 1346 2897 resolvit.

400 2934 410 2962 ‘
425 2929 545 3006 Deus’
559 2930 684 3013 inquit,
698 2936 707 2964 ‘
721 2930 830 3008 Deus,
847 2930 944 2994 Deus
958 2949 1066 3008 meus,
1082 2951 1189 3012 quare
1210 2951 1265 2996 me
1288 2932 1347 2996 de-

398 3029 586 3111 reliquisti!
649 3029 715 3095 Cui
744 3050 809 3095 nos
837 3031 936 3095 stulti
965 3030 1164 3108 Christiani,
1193 3033 1248 3096 cui
1284 3053 1347 3098 nos
1360 3059 1397 3103 ns·

399 3127 519 3213 Angli,
544 3132 588 3195 ab
614 3131 708 3196 ultra
726 3132 818 3197 orbis
840 3140 957 3215 partes
982 3130 1049 3195 huc
1070 3133 1226 3196 venimus
1251 3153 1348 3198 arma

399 3234 564 3314 portaret
632 3230 759 3297 Nonne
790 3233 866 3297 Deo
896 3231 1194 3297 Christianorum?
1259 3234 1345 3298 Eia!

400 3351 504 3414 quam
517 3333 629 3396 bonus
643 3333 712 3396 tuis
728 3352 777 3410 es,
793 3335 852 3416 qui
868 3333 943 3418 jam
959 3354 1022 3417 pro
1042 3341 1103 3397 tuo
1124 3333 1262 3398 nomine
1275 3342 1347 3398 tra·

400 3431 519 3496 demur
543 3433 581 3495 in
604 3451 728 3496 manus
751 3432 869 3515 gladii,
895 3440 1012 3515 partes
1029 3433 1184 3516 vulpium
1209 3435 1346 3499 erimus.

402 3530 552 3614 Oquam
577 3533 706 3596 invitus
730 3553 795 3615 ego
822 3541 856 3598 te
881 3533 1073 3597 desererem
1097 3535 1133 3597 in
1155 3541 1227 3598 tam
1249 3537 1347 3617 gravi
1361 3553 1394 3598 ao

399 3631 616 3695 necessitatis
640 3631 798 3708 articulo,
816 3633 846 3695 si
869 3633 931 3696 tibi
957 3653 1067 3697 essem
1088 3634 1180 3715 quod
1204 3641 1243 3698 tu
1264 3635 1348 3699 mihi

400 3739 449 3809 es,
465 3718 636 3796 Dominus
651 3739 685 3796 et
700 3732 909 3797 advocatus!
963 3732 1077 3812 Certe,
1092 3755 1162 3799 non
1184 3734 1268 3799 mihi
1287 3737 1347 3801 sed

400 3832 464 3895 tibi
492 3830 652 3914 deinceps
680 3853 757 3897 mea
786 3834 887 3914 signa
916 3833 1106 3918 jacebunt3
1144 3843 1249 3914 certe,
1278 3858 1348 3902 non

400 3939 541 4014 propter
560 3931 736 4013 ignaviam
751 3934 883 3998 militiae
904 3954 990 3998 meae
1009 3942 1049 3998 tu
1067 3937 1152 4019 ipse,
1168 3956 1231 3999 rex
1251 3957 1347 4002 meus

400 4039 435 4099 et
450 4032 547 4095 Deus
569 4051 677 4110 meus,
692 4032 792 4097 hodie
807 4035 920 4099 victus
943 4055 992 4112 es,
1013 4056 1082 4100 non
1104 4037 1244 4118 regulus
1266 4047 1396 4103 tunsae

398 4132 464 4196 iste
479 4131 674 4196 Ricardus.’

428 4230 534 4315 .§98.
558 4232 718 4312 Dixerat,
745 4241 780 4300 et
804 4243 1046 4302 consternatus
1069 4236 1210 4301 nimium
1233 4245 1349 4303 castra
