<?xml version="1.0" encoding="UTF-8"?>
<!DOCTYPE html PUBLIC "-//W3C//DTD XHTML 1.0 Transitional//EN"
    "http://www.w3.org/TR/xhtml1/DTD/xhtml1-transitional.dtd">
<html xmlns="http://www.w3.org/1999/xhtml" xml:lang="en" lang="en">
 <head>
  <title>
</title>
<meta http-equiv="Content-Type" content="text/html;charset=utf-8" />
  <meta name='ocr-system' content='tesseract 3.04.00' />
  <meta name='ocr-capabilities' content='ocr_page ocr_carea ocr_par ocr_line ocrx_word'/>
</head>
<body>
  <div class='ocr_page' id='page_1' title='image "./chroniconricard00stevgoog_0089.png"; bbox 0 0 3208 5036; ppageno 0'>
   <div class='ocr_carea' id='block_1_1' title="bbox 393 495 1079 559">
    <p class='ocr_par' dir='ltr' id='par_1_1' title="bbox 393 495 1079 559">
     <span class='ocr_line' id='line_1_1' title="bbox 393 495 1079 559; baseline -0.022 0"><span class='ocrx_word' id='word_1_1' title='bbox 393 495 436 559; x_wconf 82' lang='lat'><strong>70</strong></span> <span class='ocrx_word' id='word_1_2' title='bbox 654 497 840 550; x_wconf 71' lang='lat' dir='ltr'><strong>archanus</strong></span> <span class='ocrx_word' id='word_1_3' title='bbox 863 495 1079 544; x_wconf 78' lang='lat' dir='ltr'><strong>nrvrsrnusrs</strong></span> 
     </span>
    </p>
   </div>
   <div class='ocr_carea' id='block_1_2' title="bbox 235 653 1415 4366">
    <p class='ocr_par' dir='ltr' id='par_1_2' title="bbox 235 653 1415 4366">
     <span class='ocr_line' id='line_1_2' title="bbox 235 653 1343 744; baseline -0.021 -3"><span class='ocrx_word' id='word_1_4' title='bbox 235 662 656 744; x_wconf 78' lang='lat' dir='ltr'><strong>l.n.1rsn.rum,siDeus</strong></span> <span class='ocrx_word' id='word_1_5' title='bbox 681 676 731 736; x_wconf 90' lang='lat' dir='ltr'><strong>es,</strong></span> <span class='ocrx_word' id='word_1_6' title='bbox 756 656 861 721; x_wconf 87' lang='lat' dir='ltr'><strong>talem</strong></span> <span class='ocrx_word' id='word_1_7' title='bbox 886 654 998 722; x_wconf 87' lang='lat' dir='ltr'><strong>virum</strong></span> <span class='ocrx_word' id='word_1_8' title='bbox 1027 653 1097 720; x_wconf 91' lang='lat' dir='ltr'><strong>tuis</strong></span> <span class='ocrx_word' id='word_1_9' title='bbox 1125 659 1198 720; x_wconf 90' lang='lat' dir='ltr'><strong>tam</strong></span> <span class='ocrx_word' id='word_1_10' title='bbox 1225 672 1343 719; x_wconf 90' lang='lat' dir='ltr'><strong>neces-</strong></span> 
     </span>
     <span class='ocr_line' id='line_1_3' title="bbox 396 755 1345 844; baseline -0.015 -12"><span class='ocrx_word' id='word_1_11' title='bbox 396 768 524 833; x_wconf 88' lang='lat' dir='ltr'><strong>sarium</strong></span> <span class='ocrx_word' id='word_1_12' title='bbox 546 770 619 828; x_wconf 88' lang='lat' dir='ltr'><strong>tam</strong></span> <span class='ocrx_word' id='word_1_13' title='bbox 645 776 864 844; x_wconf 82' lang='lat' dir='ltr'><strong>praepropere</strong></span> <span class='ocrx_word' id='word_1_14' title='bbox 882 777 952 822; x_wconf 89' lang='lat' dir='ltr'><strong>non</strong></span> <span class='ocrx_word' id='word_1_15' title='bbox 966 755 1109 839; x_wconf 88' lang='lat' dir='ltr'><strong>patieris</strong></span> <span class='ocrx_word' id='word_1_16' title='bbox 1121 755 1345 821; x_wconf 69' lang='lat' dir='ltr'><strong>occumbere!</strong></span> 
     </span>
     <span class='ocr_line' id='line_1_4' title="bbox 398 856 1346 942; baseline -0.015 -9"><span class='ocrx_word' id='word_1_17' title='bbox 398 869 442 933; x_wconf 85' lang='lat' dir='ltr'><strong>In</strong></span> <span class='ocrx_word' id='word_1_18' title='bbox 457 881 663 930; x_wconf 86' lang='lat' dir='ltr'><strong>consensum</strong></span> <span class='ocrx_word' id='word_1_19' title='bbox 681 865 839 942; x_wconf 87' lang='lat' dir='ltr'><strong>receptus</strong></span> <span class='ocrx_word' id='word_1_20' title='bbox 861 865 897 922; x_wconf 87' lang='lat' dir='ltr'><strong>et</strong></span> <span class='ocrx_word' id='word_1_21' title='bbox 918 859 988 922; x_wconf 86' lang='lat' dir='ltr'><strong>ista</strong></span> <span class='ocrx_word' id='word_1_22' title='bbox 1008 857 1144 922; x_wconf 89' lang='lat' dir='ltr'><strong>locutus</strong></span> <span class='ocrx_word' id='word_1_23' title='bbox 1164 864 1228 922; x_wconf 88' lang='lat' dir='ltr'><strong>est.</strong></span> <span class='ocrx_word' id='word_1_24' title='bbox 1280 856 1346 920; x_wconf 91' lang='lat' dir='ltr'><strong>‘In</strong></span> 
     </span>
     <span class='ocr_line' id='line_1_5' title="bbox 397 957 1347 1046; baseline -0.017 -11"><span class='ocrx_word' id='word_1_25' title='bbox 397 969 545 1035; x_wconf 87' lang='lat' dir='ltr'><strong>veritate</strong></span> <span class='ocrx_word' id='word_1_26' title='bbox 567 960 767 1046; x_wconf 88' lang='lat' dir='ltr'><strong>praenuncio</strong></span> <span class='ocrx_word' id='word_1_27' title='bbox 790 957 882 1042; x_wconf 91' lang='lat' dir='ltr'><strong>quod</strong></span> <span class='ocrx_word' id='word_1_28' title='bbox 903 959 945 1037; x_wconf 91' lang='lat' dir='ltr'><strong>si,</strong></span> <span class='ocrx_word' id='word_1_29' title='bbox 965 959 1066 1022; x_wconf 90' lang='lat' dir='ltr'><strong>rebus</strong></span> <span class='ocrx_word' id='word_1_30' title='bbox 1088 964 1128 1021; x_wconf 92' lang='lat' dir='ltr'><strong>ut</strong></span> <span class='ocrx_word' id='word_1_31' title='bbox 1149 976 1241 1021; x_wconf 89' lang='lat' dir='ltr'><strong>nunc</strong></span> <span class='ocrx_word' id='word_1_32' title='bbox 1265 961 1347 1020; x_wconf 90' lang='lat' dir='ltr'><strong>sunt</strong></span> 
     </span>
     <span class='ocr_line' id='line_1_6' title="bbox 399 1059 1392 1139; baseline -0.013 -6"><span class='ocrx_word' id='word_1_33' title='bbox 399 1088 436 1134; x_wconf 89' lang='lat' dir='ltr'><strong>se</strong></span> <span class='ocrx_word' id='word_1_34' title='bbox 468 1064 686 1139; x_wconf 90' lang='lat' dir='ltr'><strong>habentibus,</strong></span> <span class='ocrx_word' id='word_1_35' title='bbox 720 1060 775 1125; x_wconf 81' lang='lat' dir='ltr'><strong>vir</strong></span> <span class='ocrx_word' id='word_1_36' title='bbox 806 1060 874 1124; x_wconf 87' lang='lat' dir='ltr'><strong>iste</strong></span> <span class='ocrx_word' id='word_1_37' title='bbox 908 1059 1104 1137; x_wconf 82' lang='lat' dir='ltr'><strong>decesserit,</strong></span> <span class='ocrx_word' id='word_1_38' title='bbox 1131 1077 1196 1124; x_wconf 81' lang='lat' dir='ltr'><strong>vos</strong></span> <span class='ocrx_word' id='word_1_39' title='bbox 1229 1075 1348 1123; x_wconf 87' lang='lat' dir='ltr'><strong>omnes</strong></span> <span class='ocrx_word' id='word_1_40' title='bbox 1377 1065 1392 1109; x_wconf 74' lang='grc' dir='ltr'><strong>ὅ</strong></span> 
     </span>
     <span class='ocr_line' id='line_1_7' title="bbox 401 1159 1349 1247; baseline -0.013 -13"><span class='ocrx_word' id='word_1_41' title='bbox 401 1165 591 1234; x_wconf 84' lang='lat' dir='ltr'><strong>Christiani</strong></span> <span class='ocrx_word' id='word_1_42' title='bbox 622 1161 789 1247; x_wconf 85' lang='lat' dir='ltr'><strong>peribitis,</strong></span> <span class='ocrx_word' id='word_1_43' title='bbox 822 1167 858 1224; x_wconf 90' lang='lat' dir='ltr'><strong>et</strong></span> <span class='ocrx_word' id='word_1_44' title='bbox 886 1167 963 1225; x_wconf 87' lang='lat' dir='ltr'><strong>tota</strong></span> <span class='ocrx_word' id='word_1_45' title='bbox 994 1159 1069 1224; x_wconf 87' lang='lat' dir='ltr'><strong>haec</strong></span> <span class='ocrx_word' id='word_1_46' title='bbox 1098 1160 1193 1241; x_wconf 80' lang='lat' dir='ltr'><strong>regio</strong></span> <span class='ocrx_word' id='word_1_47' title='bbox 1230 1165 1349 1223; x_wconf 88' lang='lat' dir='ltr'><strong>nostra</strong></span> 
     </span>
     <span class='ocr_line' id='line_1_8' title="bbox 401 1259 1349 1349; baseline -0.014 -14"><span class='ocrx_word' id='word_1_48' title='bbox 401 1270 467 1335; x_wconf 88' lang='lat' dir='ltr'><strong>erit</strong></span> <span class='ocrx_word' id='word_1_49' title='bbox 491 1269 529 1332; x_wconf 92' lang='lat' dir='ltr'><strong>in</strong></span> <span class='ocrx_word' id='word_1_50' title='bbox 550 1271 727 1349; x_wconf 88' lang='lat' dir='ltr'><strong>posterum</strong></span> <span class='ocrx_word' id='word_1_51' title='bbox 741 1262 824 1326; x_wconf 87' lang='lat' dir='ltr'><strong>sine</strong></span> <span class='ocrx_word' id='word_1_52' title='bbox 847 1260 970 1344; x_wconf 83' lang='lat' dir='ltr'><strong>litigio.</strong></span> <span class='ocrx_word' id='word_1_53' title='bbox 1024 1259 1192 1343; x_wconf 89' lang='lat' dir='ltr'><strong>Nunquid</strong></span> <span class='ocrx_word' id='word_1_54' title='bbox 1218 1266 1349 1324; x_wconf 86' lang='lat' dir='ltr'><strong>metue·</strong></span> 
     </span>
     <span class='ocr_line' id='line_1_9' title="bbox 401 1361 1350 1444; baseline -0.012 -10"><span class='ocrx_word' id='word_1_55' title='bbox 401 1388 479 1434; x_wconf 90' lang='lat' dir='ltr'><strong>mus</strong></span> <span class='ocrx_word' id='word_1_56' title='bbox 503 1367 601 1432; x_wconf 88' lang='lat' dir='ltr'><strong>illum</strong></span> <span class='ocrx_word' id='word_1_57' title='bbox 623 1361 776 1430; x_wconf 86' lang='lat' dir='ltr'><strong>validum</strong></span> <span class='ocrx_word' id='word_1_58' title='bbox 804 1381 921 1444; x_wconf 83' lang='lat' dir='ltr'><strong>regem</strong></span> <span class='ocrx_word' id='word_1_59' title='bbox 947 1361 1118 1440; x_wconf 84' lang='lat' dir='ltr'><strong>Franciae,</strong></span> <span class='ocrx_word' id='word_1_60' title='bbox 1149 1361 1209 1444; x_wconf 90' lang='lat' dir='ltr'><strong>qui</strong></span> <span class='ocrx_word' id='word_1_61' title='bbox 1237 1361 1350 1443; x_wconf 89' lang='lat' dir='ltr'><strong>prius·</strong></span> 
     </span>
     <span class='ocr_line' id='line_1_10' title="bbox 403 1460 1350 1554; baseline -0.011 -20"><span class='ocrx_word' id='word_1_62' title='bbox 403 1489 508 1554; x_wconf 87' lang='lat' dir='ltr'><strong>quam</strong></span> <span class='ocrx_word' id='word_1_63' title='bbox 537 1465 671 1533; x_wconf 87' lang='lat' dir='ltr'><strong>veniret</strong></span> <span class='ocrx_word' id='word_1_64' title='bbox 694 1465 731 1528; x_wconf 93' lang='lat' dir='ltr'><strong>in</strong></span> <span class='ocrx_word' id='word_1_65' title='bbox 755 1462 864 1527; x_wconf 90' lang='lat' dir='ltr'><strong>aciem</strong></span> <span class='ocrx_word' id='word_1_66' title='bbox 889 1462 1003 1527; x_wconf 82' lang='lat' dir='ltr'><strong>victus</strong></span> <span class='ocrx_word' id='word_1_67' title='bbox 1025 1463 1102 1527; x_wconf 80' lang='lat' dir='ltr'><strong>esti</strong></span> <span class='ocrx_word' id='word_1_68' title='bbox 1129 1462 1228 1546; x_wconf 85' lang='lat' dir='ltr'><strong>cnjus</strong></span> <span class='ocrx_word' id='word_1_69' title='bbox 1255 1460 1350 1544; x_wconf 91' lang='lat' dir='ltr'><strong>quic·</strong></span> 
     </span>
     <span class='ocr_line' id='line_1_11' title="bbox 404 1561 1398 1654; baseline -0.015 -20"><span class='ocrx_word' id='word_1_70' title='bbox 404 1569 486 1654; x_wconf 89' lang='lat' dir='ltr'><strong>quid</strong></span> <span class='ocrx_word' id='word_1_71' title='bbox 502 1568 627 1633; x_wconf 87' lang='lat' dir='ltr'><strong>virium</strong></span> <span class='ocrx_word' id='word_1_72' title='bbox 644 1572 715 1630; x_wconf 87' lang='lat' dir='ltr'><strong>tres</strong></span> <span class='ocrx_word' id='word_1_73' title='bbox 734 1563 817 1628; x_wconf 92' lang='lat' dir='ltr'><strong>anni</strong></span> <span class='ocrx_word' id='word_1_74' title='bbox 831 1563 1049 1628; x_wconf 82' lang='lat' dir='ltr'><strong>contulerant</strong></span> <span class='ocrx_word' id='word_1_75' title='bbox 1065 1562 1169 1628; x_wconf 90' lang='lat' dir='ltr'><strong>trium</strong></span> <span class='ocrx_word' id='word_1_76' title='bbox 1184 1561 1351 1626; x_wconf 84' lang='lat' dir='ltr'><strong>mensium</strong></span> <span class='ocrx_word' id='word_1_77' title='bbox 1365 1573 1398 1620; x_wconf 87' lang='lat' dir='ltr'><strong>ra</strong></span> 
     </span>
     <span class='ocr_line' id='line_1_12' title="bbox 404 1663 1350 1751; baseline -0.012 -15"><span class='ocrx_word' id='word_1_78' title='bbox 404 1671 509 1736; x_wconf 86' lang='lat' dir='ltr'><strong>breve</strong></span> <span class='ocrx_word' id='word_1_79' title='bbox 527 1675 664 1751; x_wconf 89' lang='lat' dir='ltr'><strong>tempus</strong></span> <span class='ocrx_word' id='word_1_80' title='bbox 688 1663 867 1732; x_wconf 81' lang='lat' dir='ltr'><strong>absumsit.</strong></span> <span class='ocrx_word' id='word_1_81' title='bbox 919 1663 1002 1728; x_wconf 91' lang='lat' dir='ltr'><strong>Huc</strong></span> <span class='ocrx_word' id='word_1_82' title='bbox 1020 1683 1084 1748; x_wconf 90' lang='lat' dir='ltr'><strong>pro</strong></span> <span class='ocrx_word' id='word_1_83' title='bbox 1109 1663 1216 1728; x_wconf 87' lang='lat' dir='ltr'><strong>nihilo</strong></span> <span class='ocrx_word' id='word_1_84' title='bbox 1239 1681 1350 1728; x_wconf 85' lang='lat' dir='ltr'><strong>rever-</strong></span> 
     </span>
     <span class='ocr_line' id='line_1_13' title="bbox 405 1765 1354 1849; baseline -0.011 -14"><span class='ocrx_word' id='word_1_85' title='bbox 405 1777 537 1836; x_wconf 84' lang='lat' dir='ltr'><strong>teretur</strong></span> <span class='ocrx_word' id='word_1_86' title='bbox 557 1768 713 1844; x_wconf 90' lang='lat' dir='ltr'><strong>ulterius,</strong></span> <span class='ocrx_word' id='word_1_87' title='bbox 744 1765 907 1849; x_wconf 90' lang='lat' dir='ltr'><strong>quoniam</strong></span> <span class='ocrx_word' id='word_1_88' title='bbox 929 1765 994 1830; x_wconf 90' lang='lat' dir='ltr'><strong>hoc</strong></span> <span class='ocrx_word' id='word_1_89' title='bbox 1019 1785 1083 1848; x_wconf 91' lang='lat' dir='ltr'><strong>pro</strong></span> <span class='ocrx_word' id='word_1_90' title='bbox 1108 1783 1193 1831; x_wconf 82' lang='lat' dir='ltr'><strong>vero</strong></span> <span class='ocrx_word' id='word_1_91' title='bbox 1219 1781 1354 1846; x_wconf 85' lang='lat' dir='ltr'><strong>semper</strong></span> 
     </span>
     <span class='ocr_line' id='line_1_14' title="bbox 393 1859 1355 1952; baseline -0.009 -16"><span class='ocrx_word' id='word_1_92' title='bbox 393 1859 571 1937; x_wconf 73' lang='lat' dir='ltr'><strong>¹habemus</strong></span> <span class='ocrx_word' id='word_1_93' title='bbox 598 1866 764 1950; x_wconf 88' lang='lat' dir='ltr'><strong>auspicio,</strong></span> <span class='ocrx_word' id='word_1_94' title='bbox 788 1874 828 1931; x_wconf 88' lang='lat' dir='ltr'><strong>ut</strong></span> <span class='ocrx_word' id='word_1_95' title='bbox 847 1886 935 1951; x_wconf 90' lang='lat' dir='ltr'><strong>quos</strong></span> <span class='ocrx_word' id='word_1_96' title='bbox 955 1866 992 1930; x_wconf 92' lang='lat' dir='ltr'><strong>in</strong></span> <span class='ocrx_word' id='word_1_97' title='bbox 1011 1867 1121 1950; x_wconf 88' lang='lat' dir='ltr'><strong>prir&#39;no</strong></span> <span class='ocrx_word' id='word_1_98' title='bbox 1143 1863 1232 1952; x_wconf 90' lang='lat' dir='ltr'><strong>(non</strong></span> <span class='ocrx_word' id='word_1_99' title='bbox 1245 1863 1355 1929; x_wconf 87' lang='lat' dir='ltr'><strong>calide</strong></span> 
     </span>
     <span class='ocr_line' id='line_1_15' title="bbox 407 1964 1356 2054; baseline -0.011 -18"><span class='ocrx_word' id='word_1_100' title='bbox 407 1971 495 2049; x_wconf 90' lang='lat' dir='ltr'><strong>dico,</strong></span> <span class='ocrx_word' id='word_1_101' title='bbox 520 1970 580 2035; x_wconf 90' lang='lat' dir='ltr'><strong>sed</strong></span> <span class='ocrx_word' id='word_1_102' title='bbox 602 1964 825 2054; x_wconf 84' lang='lat' dir='ltr'><strong>naturaliter)</strong></span> <span class='ocrx_word' id='word_1_103' title='bbox 848 1968 1015 2032; x_wconf 88' lang='lat' dir='ltr'><strong>sentimus</strong></span> <span class='ocrx_word' id='word_1_104' title='bbox 1039 1967 1198 2049; x_wconf 81' lang='lat' dir='ltr'><strong>ignavos,</strong></span> <span class='ocrx_word' id='word_1_105' title='bbox 1221 1983 1356 2048; x_wconf 88' lang='lat' dir='ltr'><strong>semper</strong></span> 
     </span>
     <span class='ocr_line' id='line_1_16' title="bbox 407 2066 1400 2155; baseline -0.016 -17"><span class='ocrx_word' id='word_1_106' title='bbox 407 2073 568 2155; x_wconf 88' lang='lat' dir='ltr'><strong>deinceps</strong></span> <span class='ocrx_word' id='word_1_107' title='bbox 601 2069 817 2134; x_wconf 88' lang='lat' dir='ltr'><strong>inveniamus</strong></span> <span class='ocrx_word' id='word_1_108' title='bbox 850 2068 1048 2132; x_wconf 88' lang='lat' dir='ltr'><strong>deteriores.</strong></span> <span class='ocrx_word' id='word_1_109' title='bbox 1100 2067 1168 2131; x_wconf 88' lang='lat' dir='ltr'><strong>Sed</strong></span> <span class='ocrx_word' id='word_1_110' title='bbox 1200 2085 1264 2130; x_wconf 83' lang='lat' dir='ltr'><strong>rex</strong></span> <span class='ocrx_word' id='word_1_111' title='bbox 1290 2066 1356 2128; x_wconf 86' lang='lat' dir='ltr'><strong>iste</strong></span> <span class='ocrx_word' id='word_1_112' title='bbox 1369 2077 1400 2122; x_wconf 80' lang='lat' dir='ltr'><strong>rs</strong></span> 
     </span>
     <span class='ocr_line' id='line_1_17' title="bbox 406 2167 1357 2250; baseline -0.011 -12"><span class='ocrx_word' id='word_1_113' title='bbox 406 2174 498 2238; x_wconf 90' lang='lat' dir='ltr'><strong>inter</strong></span> <span class='ocrx_word' id='word_1_114' title='bbox 527 2189 646 2236; x_wconf 89' lang='lat' dir='ltr'><strong>omnes</strong></span> <span class='ocrx_word' id='word_1_115' title='bbox 678 2167 867 2234; x_wconf 81' lang='lat' dir='ltr'><strong>Christiani</strong></span> <span class='ocrx_word' id='word_1_116' title='bbox 888 2168 1036 2233; x_wconf 87' lang='lat' dir='ltr'><strong>nominis</strong></span> <span class='ocrx_word' id='word_1_117' title='bbox 1059 2168 1243 2250; x_wconf 85' lang='lat' dir='ltr'><strong>principes,</strong></span> <span class='ocrx_word' id='word_1_118' title='bbox 1270 2184 1357 2248; x_wconf 88' lang='lat' dir='ltr'><strong>quos</strong></span> 
     </span>
     <span class='ocr_line' id='line_1_18' title="bbox 408 2267 1358 2345; baseline -0.009 -7"><span class='ocrx_word' id='word_1_119' title='bbox 408 2273 516 2339; x_wconf 86' lang='lat' dir='ltr'><strong>totius</strong></span> <span class='ocrx_word' id='word_1_120' title='bbox 537 2272 656 2336; x_wconf 90' lang='lat' dir='ltr'><strong>mundi</strong></span> <span class='ocrx_word' id='word_1_121' title='bbox 680 2277 771 2334; x_wconf 88' lang='lat' dir='ltr'><strong>teres</strong></span> <span class='ocrx_word' id='word_1_122' title='bbox 795 2269 942 2333; x_wconf 89' lang='lat' dir='ltr'><strong>circulus</strong></span> <span class='ocrx_word' id='word_1_123' title='bbox 967 2268 1086 2345; x_wconf 92' lang='lat' dir='ltr'><strong>ambit,</strong></span> <span class='ocrx_word' id='word_1_124' title='bbox 1109 2268 1203 2332; x_wconf 88' lang='lat' dir='ltr'><strong>solus</strong></span> <span class='ocrx_word' id='word_1_125' title='bbox 1228 2267 1358 2330; x_wconf 90' lang='lat' dir='ltr'><strong>honore</strong></span> 
     </span>
     <span class='ocr_line' id='line_1_19' title="bbox 409 2366 1359 2454; baseline -0.008 -15"><span class='ocrx_word' id='word_1_126' title='bbox 409 2373 506 2440; x_wconf 89' lang='lat' dir='ltr'><strong>ducis</strong></span> <span class='ocrx_word' id='word_1_127' title='bbox 527 2378 562 2437; x_wconf 87' lang='lat' dir='ltr'><strong>et</strong></span> <span class='ocrx_word' id='word_1_128' title='bbox 580 2372 672 2454; x_wconf 79' lang='lat' dir='ltr'><strong>regis</strong></span> <span class='ocrx_word' id='word_1_129' title='bbox 693 2370 833 2435; x_wconf 92' lang='lat' dir='ltr'><strong>nomine</strong></span> <span class='ocrx_word' id='word_1_130' title='bbox 847 2368 973 2452; x_wconf 80' lang='lat' dir='ltr'><strong>dignus</strong></span> <span class='ocrx_word' id='word_1_131' title='bbox 986 2389 995 2449; x_wconf 86' lang='lat'>3</span> <span class='ocrx_word' id='word_1_132' title='bbox 1017 2368 1099 2451; x_wconf 85' lang='lat' dir='ltr'><strong>quia</strong></span> <span class='ocrx_word' id='word_1_133' title='bbox 1112 2370 1200 2433; x_wconf 87' lang='lat' dir='ltr'><strong>bene</strong></span> <span class='ocrx_word' id='word_1_134' title='bbox 1214 2366 1359 2450; x_wconf 69' lang='lat' dir='ltr'><strong>incsapit</strong></span> 
     </span>
     <span class='ocr_line' id='line_1_20' title="bbox 410 2469 1359 2555; baseline -0.011 -14"><span class='ocrx_word' id='word_1_135' title='bbox 410 2482 446 2542; x_wconf 86' lang='lat' dir='ltr'><strong>ct</strong></span> <span class='ocrx_word' id='word_1_136' title='bbox 475 2472 597 2537; x_wconf 90' lang='lat' dir='ltr'><strong>melius</strong></span> <span class='ocrx_word' id='word_1_137' title='bbox 627 2469 773 2555; x_wconf 83' lang='lat' dir='ltr'><strong>proiecit</strong></span> <span class='ocrx_word' id='word_1_138' title='bbox 799 2476 835 2534; x_wconf 89' lang='lat' dir='ltr'><strong>et</strong></span> <span class='ocrx_word' id='word_1_139' title='bbox 861 2470 899 2534; x_wconf 90' lang='lat' dir='ltr'><strong>in</strong></span> <span class='ocrx_word' id='word_1_140' title='bbox 929 2470 1059 2553; x_wconf 91' lang='lat' dir='ltr'><strong>optimo</strong></span> <span class='ocrx_word' id='word_1_141' title='bbox 1081 2475 1177 2534; x_wconf 87' lang='lat' dir='ltr'><strong>statu</strong></span> <span class='ocrx_word' id='word_1_142' title='bbox 1199 2485 1359 2532; x_wconf 87' lang='lat' dir='ltr'><strong>consum·</strong></span> 
     </span>
     <span class='ocr_line' id='line_1_21' title="bbox 410 2570 1405 2651; baseline -0.004 -11"><span class='ocrx_word' id='word_1_143' title='bbox 410 2574 573 2651; x_wconf 91' lang='lat' dir='ltr'><strong>mabitur,</strong></span> <span class='ocrx_word' id='word_1_144' title='bbox 587 2573 618 2636; x_wconf 90' lang='lat' dir='ltr'><strong>si</strong></span> <span class='ocrx_word' id='word_1_145' title='bbox 631 2570 803 2636; x_wconf 90' lang='lat' dir='ltr'><strong>modicum</strong></span> <span class='ocrx_word' id='word_1_146' title='bbox 815 2570 915 2635; x_wconf 83' lang='lat' dir='ltr'><strong>vobis</strong></span> <span class='ocrx_word' id='word_1_147' title='bbox 929 2570 1117 2636; x_wconf 88' lang='lat' dir='ltr'><strong>duraverit.</strong></span> <span class='ocrx_word' id='word_1_148' title='bbox 1371 2589 1405 2636; x_wconf 76' lang='lat' dir='ltr'><strong>ro</strong></span> 
     </span>
     <span class='ocr_line' id='line_1_22' title="bbox 340 2666 1360 2757; baseline -0.012 -13"><span class='ocrx_word' id='word_1_149' title='bbox 340 2739 343 2744; x_wconf 88' lang='lat'>.</span> <span class='ocrx_word' id='word_1_150' title='bbox 464 2671 550 2757; x_wconf 77' lang='lat' dir='ltr'><strong>§aa</strong></span> <span class='ocrx_word' id='word_1_151' title='bbox 574 2678 585 2707; x_wconf 87' lang='lat'>‘</span> <span class='ocrx_word' id='word_1_152' title='bbox 600 2670 683 2737; x_wconf 91' lang='lat' dir='ltr'><strong>Non</strong></span> <span class='ocrx_word' id='word_1_153' title='bbox 705 2677 759 2735; x_wconf 90' lang='lat' dir='ltr'><strong>est</strong></span> <span class='ocrx_word' id='word_1_154' title='bbox 784 2669 827 2734; x_wconf 92' lang='lat' dir='ltr'><strong>de</strong></span> <span class='ocrx_word' id='word_1_155' title='bbox 848 2689 940 2736; x_wconf 84' lang='lat' dir='ltr'><strong>novo</strong></span> <span class='ocrx_word' id='word_1_156' title='bbox 954 2670 1047 2755; x_wconf 88' lang='lat' dir='ltr'><strong>quod</strong></span> <span class='ocrx_word' id='word_1_157' title='bbox 1061 2671 1220 2735; x_wconf 88' lang='lat' dir='ltr'><strong>timemus</strong></span> <span class='ocrx_word' id='word_1_158' title='bbox 1235 2666 1360 2751; x_wconf 79' lang='lat' dir='ltr'><strong>Angli-</strong></span> 
     </span>
     <span class='ocr_line' id='line_1_23' title="bbox 412 2769 1362 2858; baseline -0.007 -19"><span class='ocrx_word' id='word_1_159' title='bbox 412 2792 532 2858; x_wconf 83' lang='lat' dir='ltr'><strong>genas,</strong></span> <span class='ocrx_word' id='word_1_160' title='bbox 547 2772 710 2856; x_wconf 89' lang='lat' dir='ltr'><strong>quoniam</strong></span> <span class='ocrx_word' id='word_1_161' title='bbox 726 2777 761 2835; x_wconf 88' lang='lat' dir='ltr'><strong>et</strong></span> <span class='ocrx_word' id='word_1_162' title='bbox 775 2778 910 2854; x_wconf 89' lang='lat' dir='ltr'><strong>patrem</strong></span> <span class='ocrx_word' id='word_1_163' title='bbox 922 2771 1023 2835; x_wconf 83' lang='lat' dir='ltr'><strong>istius</strong></span> <span class='ocrx_word' id='word_1_164' title='bbox 1038 2771 1142 2836; x_wconf 87' lang='lat' dir='ltr'><strong>talem</strong></span> <span class='ocrx_word' id='word_1_165' title='bbox 1155 2770 1255 2835; x_wconf 89' lang='lat' dir='ltr'><strong>nobis</strong></span> <span class='ocrx_word' id='word_1_166' title='bbox 1268 2769 1362 2834; x_wconf 85' lang='lat' dir='ltr'><strong>fama</strong></span> 
     </span>
     <span class='ocr_line' id='line_1_24' title="bbox 412 2871 1362 2952; baseline -0.006 -13"><span class='ocrx_word' id='word_1_167' title='bbox 412 2874 553 2952; x_wconf 87' lang='lat' dir='ltr'><strong>fecerat,</strong></span> <span class='ocrx_word' id='word_1_168' title='bbox 586 2878 627 2937; x_wconf 93' lang='lat' dir='ltr'><strong>ut</strong></span> <span class='ocrx_word' id='word_1_169' title='bbox 661 2872 693 2936; x_wconf 91' lang='lat' dir='ltr'><strong>si</strong></span> <span class='ocrx_word' id='word_1_170' title='bbox 718 2871 775 2936; x_wconf 86' lang='lat' dir='ltr'><strong>vel</strong></span> <span class='ocrx_word' id='word_1_171' title='bbox 808 2871 949 2936; x_wconf 90' lang='lat' dir='ltr'><strong>inermis</strong></span> <span class='ocrx_word' id='word_1_172' title='bbox 977 2877 1115 2936; x_wconf 87' lang='lat' dir='ltr'><strong>nostras</strong></span> <span class='ocrx_word' id='word_1_173' title='bbox 1145 2871 1297 2937; x_wconf 84' lang='lat' dir='ltr'><strong>venisset</strong></span> <span class='ocrx_word' id='word_1_174' title='bbox 1324 2871 1362 2934; x_wconf 93' lang='lat' dir='ltr'><strong>in</strong></span> 
     </span>
     <span class='ocr_line' id='line_1_25' title="bbox 412 2970 1362 3060; baseline -0.005 -20"><span class='ocrx_word' id='word_1_175' title='bbox 412 2983 543 3060; x_wconf 87' lang='lat' dir='ltr'><strong>partes,</strong></span> <span class='ocrx_word' id='word_1_176' title='bbox 565 2991 686 3038; x_wconf 89' lang='lat' dir='ltr'><strong>ornnes</strong></span> <span class='ocrx_word' id='word_1_177' title='bbox 705 2970 912 3054; x_wconf 80' lang='lat' dir='ltr'><strong>fugissemus</strong></span> <span class='ocrx_word' id='word_1_178' title='bbox 939 2973 1076 3050; x_wconf 85' lang='lat' dir='ltr'><strong>armati,</strong></span> <span class='ocrx_word' id='word_1_179' title='bbox 1094 2972 1219 3055; x_wconf 89' lang='lat' dir='ltr'><strong>quibus</strong></span> <span class='ocrx_word' id='word_1_180' title='bbox 1233 2990 1298 3036; x_wconf 89' lang='lat' dir='ltr'><strong>nee</strong></span> <span class='ocrx_word' id='word_1_181' title='bbox 1318 2971 1362 3035; x_wconf 90' lang='lat' dir='ltr'><strong>ab</strong></span> 
     </span>
     <span class='ocr_line' id='line_1_26' title="bbox 414 3072 1408 3157; baseline -0.004 -17"><span class='ocrx_word' id='word_1_182' title='bbox 414 3096 456 3140; x_wconf 88' lang='lat' dir='ltr'><strong>eo</strong></span> <span class='ocrx_word' id='word_1_183' title='bbox 474 3074 589 3157; x_wconf 81' lang='lat' dir='ltr'><strong>fugari</strong></span> <span class='ocrx_word' id='word_1_184' title='bbox 602 3072 777 3137; x_wconf 89' lang='lat' dir='ltr'><strong>videretur</strong></span> <span class='ocrx_word' id='word_1_185' title='bbox 789 3073 985 3156; x_wconf 79' lang='lat' dir='ltr'><strong>inglorium.</strong></span> <span class='ocrx_word' id='word_1_186' title='bbox 1038 3072 1104 3136; x_wconf 89' lang='lat' dir='ltr'><strong>Ille</strong></span> <span class='ocrx_word' id='word_1_187' title='bbox 1118 3072 1221 3138; x_wconf 92' lang='lat' dir='ltr'><strong>timor</strong></span> <span class='ocrx_word' id='word_1_188' title='bbox 1235 3078 1363 3150; x_wconf 89' lang='lat' dir='ltr'><strong>noster,</strong></span> <span class='ocrx_word' id='word_1_189' title='bbox 1375 3091 1408 3138; x_wconf 79' lang='lat' dir='ltr'><strong>es</strong></span> 
     </span>
     <span class='ocr_line' id='line_1_27' title="bbox 414 3173 1364 3257; baseline -0.006 -16"><span class='ocrx_word' id='word_1_190' title='bbox 414 3176 470 3242; x_wconf 87' lang='lat' dir='ltr'><strong>vir</strong></span> <span class='ocrx_word' id='word_1_191' title='bbox 488 3194 552 3239; x_wconf 91' lang='lat' dir='ltr'><strong>suo</strong></span> <span class='ocrx_word' id='word_1_192' title='bbox 575 3182 729 3257; x_wconf 88' lang='lat' dir='ltr'><strong>tempore</strong></span> <span class='ocrx_word' id='word_1_193' title='bbox 750 3174 947 3256; x_wconf 65' lang='lat' dir='ltr'><strong>singularis</strong></span> <span class='ocrx_word' id='word_1_194' title='bbox 971 3174 1152 3254; x_wconf 83' lang='lat' dir='ltr'><strong>occubuit3</strong></span> <span class='ocrx_word' id='word_1_195' title='bbox 1174 3173 1247 3251; x_wconf 90' lang='lat' dir='ltr'><strong>sed,</strong></span> <span class='ocrx_word' id='word_1_196' title='bbox 1269 3191 1364 3236; x_wconf 89' lang='lat' dir='ltr'><strong>more</strong></span> 
     </span>
     <span class='ocr_line' id='line_1_28' title="bbox 415 3265 1364 3361; baseline -0.004 -21"><span class='ocrx_word' id='word_1_197' title='bbox 415 3273 598 3361; x_wconf 86' lang='lat' dir='ltr'><strong>phoenicis,</strong></span> <span class='ocrx_word' id='word_1_198' title='bbox 623 3293 661 3338; x_wconf 91' lang='lat' dir='ltr'><strong>se</strong></span> <span class='ocrx_word' id='word_1_199' title='bbox 684 3273 808 3338; x_wconf 87' lang='lat' dir='ltr'><strong>millies</strong></span> <span class='ocrx_word' id='word_1_200' title='bbox 830 3275 1006 3340; x_wconf 88' lang='lat' dir='ltr'><strong>meliorem</strong></span> <span class='ocrx_word' id='word_1_201' title='bbox 1028 3265 1203 3358; x_wconf 84' lang='lat' dir='ltr'><strong>reparavit</strong></span> <span class='ocrx_word' id='word_1_202' title='bbox 1225 3274 1262 3338; x_wconf 92' lang='lat' dir='ltr'><strong>in</strong></span> <span class='ocrx_word' id='word_1_203' title='bbox 1280 3273 1364 3337; x_wconf 89' lang='lat' dir='ltr'><strong>filio.</strong></span> 
     </span>
     <span class='ocr_line' id='line_1_29' title="bbox 417 3372 1365 3457; baseline -0.004 -16"><span class='ocrx_word' id='word_1_204' title='bbox 417 3377 486 3441; x_wconf 88' lang='lat' dir='ltr'><strong>Sed</strong></span> <span class='ocrx_word' id='word_1_205' title='bbox 509 3393 573 3441; x_wconf 89' lang='lat' dir='ltr'><strong>nec</strong></span> <span class='ocrx_word' id='word_1_206' title='bbox 598 3395 663 3439; x_wconf 88' lang='lat' dir='ltr'><strong>nos</strong></span> <span class='ocrx_word' id='word_1_207' title='bbox 689 3375 804 3451; x_wconf 90' lang='lat' dir='ltr'><strong>latuit,</strong></span> <span class='ocrx_word' id='word_1_208' title='bbox 826 3374 931 3439; x_wconf 89' lang='lat' dir='ltr'><strong>etiam</strong></span> <span class='ocrx_word' id='word_1_209' title='bbox 953 3375 1109 3457; x_wconf 83' lang='lat' dir='ltr'><strong>genitore</strong></span> <span class='ocrx_word' id='word_1_210' title='bbox 1125 3374 1276 3453; x_wconf 86' lang='lat' dir='ltr'><strong>vivente,</strong></span> <span class='ocrx_word' id='word_1_211' title='bbox 1301 3372 1365 3437; x_wconf 89' lang='lat' dir='ltr'><strong>Ri-</strong></span> 
     </span>
     <span class='ocr_line' id='line_1_30' title="bbox 418 3475 1366 3558; baseline -0.004 -18"><span class='ocrx_word' id='word_1_212' title='bbox 418 3476 543 3541; x_wconf 91' lang='lat' dir='ltr'><strong>cardus</strong></span> <span class='ocrx_word' id='word_1_213' title='bbox 560 3476 628 3540; x_wconf 89' lang='lat' dir='ltr'><strong>iste</strong></span> <span class='ocrx_word' id='word_1_214' title='bbox 651 3475 729 3558; x_wconf 89' lang='lat' dir='ltr'><strong>quis</strong></span> <span class='ocrx_word' id='word_1_215' title='bbox 749 3475 875 3555; x_wconf 84' lang='lat' dir='ltr'><strong>fuerit3</strong></span> <span class='ocrx_word' id='word_1_216' title='bbox 893 3475 1075 3540; x_wconf 90' lang='lat' dir='ltr'><strong>habuimus</strong></span> <span class='ocrx_word' id='word_1_217' title='bbox 1096 3476 1187 3540; x_wconf 89' lang='lat' dir='ltr'><strong>enim</strong></span> <span class='ocrx_word' id='word_1_218' title='bbox 1208 3475 1366 3540; x_wconf 91' lang='lat' dir='ltr'><strong>omnibus</strong></span> 
     </span>
     <span class='ocr_line' id='line_1_31' title="bbox 418 3575 1413 3660; baseline -0.003 -20"><span class='ocrx_word' id='word_1_219' title='bbox 418 3575 538 3640; x_wconf 88' lang='lat' dir='ltr'><strong>diebus</strong></span> <span class='ocrx_word' id='word_1_220' title='bbox 557 3575 667 3657; x_wconf 85' lang='lat' dir='ltr'><strong>patris</strong></span> <span class='ocrx_word' id='word_1_221' title='bbox 689 3575 765 3659; x_wconf 90' lang='lat' dir='ltr'><strong>ejus</strong></span> <span class='ocrx_word' id='word_1_222' title='bbox 779 3582 916 3640; x_wconf 88' lang='lat' dir='ltr'><strong>nostros</strong></span> <span class='ocrx_word' id='word_1_223' title='bbox 932 3576 1143 3658; x_wconf 83' lang='lat' dir='ltr'><strong>inspectores</strong></span> <span class='ocrx_word' id='word_1_224' title='bbox 1156 3576 1194 3639; x_wconf 93' lang='lat' dir='ltr'><strong>in</strong></span> <span class='ocrx_word' id='word_1_225' title='bbox 1211 3575 1368 3660; x_wconf 88' lang='lat' dir='ltr'><strong>partibus</strong></span> <span class='ocrx_word' id='word_1_226' title='bbox 1381 3591 1413 3638; x_wconf 79' lang='lat' dir='ltr'><strong>so</strong></span> 
     </span>
     <span class='ocr_line' id='line_1_32' title="bbox 417 3674 1368 3758; baseline -0.001 -18"><span class='ocrx_word' id='word_1_227' title='bbox 417 3676 499 3753; x_wconf 91' lang='lat' dir='ltr'><strong>illis,</strong></span> <span class='ocrx_word' id='word_1_228' title='bbox 522 3674 697 3758; x_wconf 87' lang='lat' dir='ltr'><strong>quinobis</strong></span> <span class='ocrx_word' id='word_1_229' title='bbox 717 3682 753 3739; x_wconf 89' lang='lat' dir='ltr'><strong>et</strong></span> <span class='ocrx_word' id='word_1_230' title='bbox 769 3676 860 3757; x_wconf 76' lang='lat' dir='ltr'><strong>regis</strong></span> <span class='ocrx_word' id='word_1_231' title='bbox 883 3682 982 3739; x_wconf 90' lang='lat' dir='ltr'><strong>actus</strong></span> <span class='ocrx_word' id='word_1_232' title='bbox 1005 3684 1041 3741; x_wconf 90' lang='lat' dir='ltr'><strong>et</strong></span> <span class='ocrx_word' id='word_1_233' title='bbox 1059 3676 1206 3740; x_wconf 89' lang='lat' dir='ltr'><strong>filiorum</strong></span> <span class='ocrx_word' id='word_1_234' title='bbox 1228 3695 1368 3740; x_wconf 88' lang='lat' dir='ltr'><strong>suorum</strong></span> 
     </span>
     <span class='ocr_line' id='line_1_33' title="bbox 420 3776 1368 3861; baseline -0.001 -21"><span class='ocrx_word' id='word_1_235' title='bbox 420 3783 516 3840; x_wconf 88' lang='lat' dir='ltr'><strong>ortus</strong></span> <span class='ocrx_word' id='word_1_236' title='bbox 540 3782 577 3841; x_wconf 91' lang='lat' dir='ltr'><strong>et</strong></span> <span class='ocrx_word' id='word_1_237' title='bbox 595 3793 738 3840; x_wconf 85' lang='lat' dir='ltr'><strong>occasus</strong></span> <span class='ocrx_word' id='word_1_238' title='bbox 752 3776 976 3841; x_wconf 85' lang='lat' dir='ltr'><strong>nunciabant.</strong></span> <span class='ocrx_word' id='word_1_239' title='bbox 1028 3777 1102 3842; x_wconf 89' lang='lat' dir='ltr'><strong>Iste</strong></span> <span class='ocrx_word' id='word_1_240' title='bbox 1124 3797 1195 3861; x_wconf 87' lang='lat' dir='ltr'><strong>prae</strong></span> <span class='ocrx_word' id='word_1_241' title='bbox 1211 3777 1368 3842; x_wconf 88' lang='lat' dir='ltr'><strong>omnibus</strong></span> 
     </span>
     <span class='ocr_line' id='line_1_34' title="bbox 420 3875 1368 3961; baseline 0 -21"><span class='ocrx_word' id='word_1_242' title='bbox 420 3875 585 3940; x_wconf 86' lang='lat' dir='ltr'><strong>fratribus</strong></span> <span class='ocrx_word' id='word_1_243' title='bbox 606 3876 678 3940; x_wconf 90' lang='lat' dir='ltr'><strong>suis</strong></span> <span class='ocrx_word' id='word_1_244' title='bbox 700 3877 822 3942; x_wconf 86' lang='lat' dir='ltr'><strong>merito</strong></span> <span class='ocrx_word' id='word_1_245' title='bbox 842 3876 1025 3961; x_wconf 89' lang='lat' dir='ltr'><strong>probitatis</strong></span> <span class='ocrx_word' id='word_1_246' title='bbox 1049 3897 1072 3943; x_wconf 94' lang='lat' dir='ltr'><strong>a</strong></span> <span class='ocrx_word' id='word_1_247' title='bbox 1091 3885 1191 3961; x_wconf 88' lang='lat' dir='ltr'><strong>patre</strong></span> <span class='ocrx_word' id='word_1_248' title='bbox 1210 3876 1368 3954; x_wconf 87' lang='lat' dir='ltr'><strong>dilectus,</strong></span> 
     </span>
     <span class='ocr_line' id='line_1_35' title="bbox 421 3976 1369 4062; baseline -0.002 -20"><span class='ocrx_word' id='word_1_249' title='bbox 421 3983 457 4042; x_wconf 89' lang='lat' dir='ltr'><strong>et</strong></span> <span class='ocrx_word' id='word_1_250' title='bbox 491 3983 572 4041; x_wconf 85' lang='lat' dir='ltr'><strong>ante</strong></span> <span class='ocrx_word' id='word_1_251' title='bbox 601 3976 726 4042; x_wconf 86' lang='lat' dir='ltr'><strong>fratres</strong></span> <span class='ocrx_word' id='word_1_252' title='bbox 759 3979 890 4060; x_wconf 90' lang='lat' dir='ltr'><strong>priores</strong></span> <span class='ocrx_word' id='word_1_253' title='bbox 924 3986 1010 4044; x_wconf 92' lang='lat' dir='ltr'><strong>natu</strong></span> <span class='ocrx_word' id='word_1_254' title='bbox 1040 3979 1177 4062; x_wconf 89' lang='lat' dir='ltr'><strong>populis</strong></span> <span class='ocrx_word' id='word_1_255' title='bbox 1210 3978 1369 4060; x_wconf 85' lang='lat' dir='ltr'><strong>regendis</strong></span> 
     </span>
     <span class='ocr_line' id='line_1_36' title="bbox 421 4075 1415 4163; baseline -0.001 -23"><span class='ocrx_word' id='word_1_256' title='bbox 421 4076 588 4162; x_wconf 83' lang='lat' dir='ltr'><strong>praelatus</strong></span> <span class='ocrx_word' id='word_1_257' title='bbox 604 4083 668 4141; x_wconf 85' lang='lat' dir='ltr'><strong>est.</strong></span> <span class='ocrx_word' id='word_1_258' title='bbox 701 4077 777 4143; x_wconf 90' lang='lat' dir='ltr'><strong>Nec</strong></span> <span class='ocrx_word' id='word_1_259' title='bbox 790 4098 854 4143; x_wconf 91' lang='lat' dir='ltr'><strong>nos</strong></span> <span class='ocrx_word' id='word_1_260' title='bbox 868 4079 971 4145; x_wconf 86' lang='lat' dir='ltr'><strong>latuit</strong></span> <span class='ocrx_word' id='word_1_261' title='bbox 986 4080 1077 4163; x_wconf 90' lang='lat' dir='ltr'><strong>quod</strong></span> <span class='ocrx_word' id='word_1_262' title='bbox 1086 4080 1159 4143; x_wconf 83' lang='lat' dir='ltr'><strong>dux</strong></span> <span class='ocrx_word' id='word_1_263' title='bbox 1169 4075 1369 4161; x_wconf 85' lang='lat' dir='ltr'><strong>Aquitaniae</strong></span> <span class='ocrx_word' id='word_1_264' title='bbox 1383 4091 1415 4138; x_wconf 77' lang='lat' dir='ltr'><strong>as</strong></span> 
     </span>
     <span class='ocr_line' id='line_1_37' title="bbox 421 4177 1370 4261; baseline 0 -20"><span class='ocrx_word' id='word_1_265' title='bbox 421 4177 535 4241; x_wconf 87' lang='lat' dir='ltr'><strong>factus</strong></span> <span class='ocrx_word' id='word_1_266' title='bbox 560 4184 727 4260; x_wconf 86' lang='lat' dir='ltr'><strong>tyrannos</strong></span> <span class='ocrx_word' id='word_1_267' title='bbox 755 4181 955 4261; x_wconf 87' lang='lat' dir='ltr'><strong>provinciae,</strong></span> <span class='ocrx_word' id='word_1_268' title='bbox 989 4181 1065 4245; x_wconf 79' lang='lat' dir='ltr'><strong>aris</strong></span> <span class='ocrx_word' id='word_1_269' title='bbox 1093 4186 1129 4244; x_wconf 90' lang='lat' dir='ltr'><strong>et</strong></span> <span class='ocrx_word' id='word_1_270' title='bbox 1157 4179 1270 4243; x_wconf 88' lang='lat' dir='ltr'><strong>atavis</strong></span> <span class='ocrx_word' id='word_1_271' title='bbox 1298 4179 1370 4242; x_wconf 88' lang='lat' dir='ltr'><strong>suis</strong></span> 
     </span>
     <span class='ocr_line' id='line_1_38' title="bbox 420 4275 1371 4366; baseline 0.001 -24"><span class='ocrx_word' id='word_1_272' title='bbox 420 4275 658 4355; x_wconf 88' lang='lat' dir='ltr'><strong>indomabiles,</strong></span> <span class='ocrx_word' id='word_1_273' title='bbox 675 4287 806 4360; x_wconf 85' lang='lat' dir='ltr'><strong>quanta</strong></span> <span class='ocrx_word' id='word_1_274' title='bbox 820 4281 958 4346; x_wconf 86' lang='lat' dir='ltr'><strong>virtutis</strong></span> <span class='ocrx_word' id='word_1_275' title='bbox 973 4279 1148 4346; x_wconf 84' lang='lat' dir='ltr'><strong>celeritate</strong></span> <span class='ocrx_word' id='word_1_276' title='bbox 1162 4280 1371 4366; x_wconf 89' lang='lat' dir='ltr'><strong>protriverit,</strong></span> 
     </span>
    </p>
   </div>
   <div class='ocr_carea' id='block_1_3' title="bbox 0 0 1644 5036">
    <p class='ocr_par' dir='ltr' id='par_1_3' title="bbox 0 0 1644 5036">
     <span class='ocr_line' id='line_1_39' title="bbox 0 0 1644 5036; baseline 0 0"><span class='ocrx_word' id='word_1_277' title='bbox 0 0 1644 5036; x_wconf 95' lang='lat' dir='ltr'><strong> </strong></span> 
     </span>
    </p>
   </div>
  </div>
 </body>
</html>
