3208 5036
412 475 459 519 nn
481 472 598 522 arnus
621 471 744 519 cnsr1s
768 471 921 520 nicanor
946 471 1063 519 rainu.
1165 455 1209 518 73

283 633 398 716 ’ξ92.
422 633 522 712 ‘Sed,
552 635 629 698 Deo
656 633 808 716 gratias!
838 639 1000 698 oneratus
1031 631 1098 696 fuit
1128 651 1209 715 rege
1221 637 1372 689 A·D·11⁹²·

263 733 485 812 Francorum,
515 741 551 798 et
579 755 641 817 per
670 755 748 798 eum
775 733 984 811 retardatus,
1017 733 1107 798 sicut
1133 753 1208 796 mu-

261 835 389 916 rilegus
405 835 460 898 cui
482 835 625 898 malleus
639 835 767 918 pendet
781 834 824 898 ad
838 834 995 898 caudam.
1048 833 1210 898 Ceterum

262 954 325 1000 nos
347 936 450 1000 etiam
471 935 547 1020 ejus
567 936 682 1000 aemuli
695 935 780 998 nihil
797 936 834 998 in
849 934 1002 1000 Ricardo
1021 935 1209 1017 reperimus

234 1036 354 1118 fiquod
375 1056 558 1119 possumus
581 1056 722 1120 carpere
740 1037 808 1100 nisi
822 1037 998 1112 virtutem,
1015 1035 1101 1098 nihil
1115 1035 1210 1099 odire

262 1137 328 1200 nisi
342 1137 468 1201 Martis
489 1138 658 1220 peritiam.
711 1136 778 1200 Sed
800 1157 878 1200 cum
899 1135 1035 1199 infirmo
1055 1155 1211 1218 pugnare

262 1257 340 1320 quae
365 1238 498 1320 gloria?
550 1237 597 1301 Et
625 1237 655 1300 si
683 1238 869 1302 voluissem
896 1236 998 1300 hodie
1021 1255 1122 1299 mane
1147 1255 1211 1316 vos

263 1358 381 1402 omnes
396 1344 431 1401 et
443 1338 541 1402 illum
555 1338 738 1421 capitalem
752 1339 874 1402 tulisse
888 1337 1106 1414 sententiam,
1119 1357 1211 1400 nunc

263 1438 489 1502 miserendum
516 1446 570 1502 est
597 1439 697 1502 nobis
727 1446 869 1522 propter
898 1437 1005 1503 vestri
1035 1438 1126 1520 regis
1157 1439 1210 1501 in-

218 1557 250 1602 ιο
262 1539 498 1618 commodum;
531 1539 587 1604 vel
616 1558 736 1622 pacem
766 1547 968 1622 perpetuam
998 1558 1076 1604 cum
1103 1537 1211 1603 fratre

263 1660 339 1704 meo
354 1641 453 1706 vobis
466 1639 658 1723 adquiram,
674 1639 728 1704 vel
747 1639 792 1702 ad
806 1641 918 1704 minus
932 1639 1088 1705 inducias
1100 1641 1210 1704 bonas

263 1747 299 1806 et
319 1740 511 1806 diuturnas.
563 1739 754 1822 Quousque
771 1747 886 1806 autem
908 1748 1063 1806 revertar
1076 1740 1120 1805 ad
1135 1759 1211 1818 voS,

264 1842 378 1906 nullus
404 1843 558 1906 vestrum
584 1841 664 1905 inde
691 1841 855 1923 loquatur
883 1842 928 1906 ad
953 1861 1081 1923 regem,
1109 1861 1154 1905 ne
1181 1841 1211 1904 si

263 1947 377 2007 motus
418 1942 523 2007 hierit
562 1948 708 2024 aegrotet
748 1943 902 2023 gravius,
942 1942 1104 2025 quoniam
1139 1949 1211 2004 tam

219 2069 250 2114 ιε
265 2042 404 2126 grandis
428 2051 464 2108 et
488 2043 600 2125 grossi
622 2042 735 2106 cordis
757 2049 810 2106 est
833 2051 885 2122 nt,
908 2043 974 2108 etsi
998 2041 1099 2107 modo
1125 2042 1212 2106 mori

264 2144 397 2223 debeat,
435 2165 505 2209 non
539 2144 732 2208 consentiet
761 2144 799 2207 in
831 2145 1112 2220 transactionem,
1145 2143 1213 2206 nisi

264 2265 363 2309 suam
390 2253 524 2329 partem
557 2243 681 2309 viderit
707 2245 905 2310 meliorem’
957 2244 1084 2327 Eloqui
1112 2244 1213 2327 plura

264 2346 386 2423 voluit,
408 2345 468 2410 sed
483 2365 644 2428 perorare
657 2365 728 2409 non
747 2347 890 2430 pertulit
903 2346 1024 2427 lingua
1042 2345 1212 2426 languens

264 2454 301 2510 et
328 2467 401 2529 prae
429 2447 546 2511 dolore
573 2446 746 2524 deficiens,
775 2448 867 2510 unde
894 2454 930 2510 et
956 2447 992 2509 in
1019 2445 1213 2528 complosas

220 2564 253 2610 ao
266 2567 388 2610 manus
400 2549 514 2631 capite
526 2547 705 2624 reclinato,
720 2547 816 2613 flevit
829 2547 978 2612 uberius.

318 2648 402 2732 §93
426 2649 619 2732 Episcopus
642 2647 908 2712 sarisburiensis
935 2654 971 2712 et
994 2667 1072 2730 quae
1093 2645 1212 2711 aderat
1224 2647 1377 2746 ffissffi

265 2747 466 2812 familiarior
487 2750 579 2832 regis
600 2747 744 2826 familia,
758 2768 875 2812 secum
896 2767 1000 2830 super
1022 2747 1076 2810 his
1095 2747 1214 2811 habita
1223 2748 1292 2838 {1230
1300 2747 1357 2796 Eu·

266 2849 511 2914 deliberatione
535 2851 713 2928 secretins
737 2850 834 2915 velut
863 2851 900 2912 in
928 2866 1055 2911 exosas
1083 2854 1118 2910 et
1143 2867 1214 2910 non

266 2949 479 3015 desideratas
511 2950 667 3016 inducias
701 2955 961 3024 consenserunt,
997 2965 1084 3029 quas
1118 2947 1214 3029 prius

221 3073 254 3118 aa
268 3056 473 3135 quocunqne
497 3053 642 3116 mercari
664 3052 776 3135 pretio
801 3051 1064 3134 proposuerant.
1116 3048 1214 3111 Dex-

268 3153 332 3216 tris
352 3154 460 3234 igitur
474 3152 565 3216 datis
585 3159 620 3215 et
643 3151 801 3234 receptis,
817 3150 1017 3226 Sotiatium,
1031 3149 1105 3213 lota
1126 3148 1214 3213 facie

268 3260 304 3316 et
313 3252 529 3318 dissimulata
542 3253 720 3328 moestitia,
736 3250 780 3314 ad
796 3248 1044 3314 salahadinum
1057 3266 1215 3312 reversus

268 3361 323 3417 est
342 3352 643 3436 Hierosolymam,
667 3352 794 3433 ibique,
820 3356 941 3414 coacto
972 3367 1088 3411 coram
1109 3345 1215 3411 fratrc

269 3454 425 3532 concilio,
438 3454 500 3518 vix
512 3460 593 3537 post
606 3452 696 3516 diem
711 3451 894 3534 septimum
910 3449 1079 3512 decimum
1093 3448 1216 3512 validis

225 3574 257 3619 so
269 3555 533 3637 allegationibus
546 3553 657 3618 valuit
678 3553 722 3616 ad
743 3550 876 3616 dandas
890 3549 1095 3614 Christianis
1115 3548 1217 3613 indu-

270 3656 341 3720 cias
369 3655 550 3738 gentilium
578 3653 835 3719 cervicositates
857 3651 1043 3716 inflectere.
1095 3649 1216 3714 Praefi-

271 3756 364 3837 gitur¹
378 3764 513 3839 tempus
535 3763 571 3819 et
592 3754 704 3818 forma
725 3753 962 3817 subscribitur.
1014 3749 1052 3813 Si
1065 3749 1217 3813 Ricardo

271 3857 346 3938 regi
370 3857 519 3940 placeat,
540 3854 631 3918 infra
658 3855 763 3918 trium
786 3872 967 3926 annorum,
994 3849 1099 3913 trium
1121 3868 1217 3912 men-

271 3957 372 4033 sium,
407 3958 513 4021 trium
548 3955 850 4030 hebdomadarum,
888 3952 993 4016 trium
1022 3949 1154 4011 dierum
1183 3955 1218 4012 et

227 4081 258 4126 aa
272 4057 376 4120 trium
399 4056 561 4121 horarum
590 4055 752 4138 spatium,
778 4053 867 4116 tales
889 4053 980 4115 inter
1003 4047 1219 4112 Christianos

273 4164 308 4221 et
332 4158 479 4239 gentiles
502 4163 683 4221 serventur
707 4153 866 4230 induciae,
887 4158 927 4215 ut
950 4148 1111 4233 quicquid
1134 4168 1219 4230 quo·

272 4264 408 4343 cunque
422 4257 524 4324 modo
539 4275 620 4340 pars
633 4275 704 4320 una
719 4255 776 4321 vel
789 4254 906 4338 altera
920 4249 1086 4335 possidet,
1100 4249 1220 4322 incon-
