3208 5036
414 468 461 514 nn
485 469 602 516 nanus
625 468 747 516 onsvrs
772 468 924 516 niciam
951 469 1066 517 rnrur.
1168 455 1211 519 17

258 625 375 690 docuit
403 627 495 709 quod
523 648 593 691 non
622 628 725 691 habet
753 635 898 692 eventus
928 627 1066 691 sordida
1089 630 1370 714 praedamnau-

257 728 377 790 bonos.

309 826 503 891 Monachus
518 828 657 911 quidam
672 828 715 891 de
727 826 912 892 Glastonia
924 827 1041 893 multis
1055 830 1205 892 muneri-

256 927 320 989 bus
340 927 364 991 J
367 928 537 992 ohannem
560 929 719 992 comitem
743 947 804 1010 spe
828 929 1052 1010 promotionis
1076 929 1203 1010 coluit3

228 1028 316 1090 ⁵sed
333 1028 414 1091 dum
428 1030 546 1093 venire
560 1029 708 1092 debebat
727 1028 771 1092 ad
791 1047 925 1110 capere,
941 1031 1039 1112 tigno
1054 1030 1202 1112 quodam

256 1145 340 1190 casu
350 1130 465 1194 subito
475 1131 540 1192 sibi
555 1129 723 1193 infaciem
735 1129 846 1210 lapso,
858 1129 1004 1194 detritus
1016 1137 1051 1194 et
1062 1131 1202 1195 omnino

255 1227 368 1292 factus
382 1230 535 1306 mutilus,
550 1248 618 1293 ova
632 1230 735 1292 simul
748 1235 784 1292 et
797 1229 934 1293 obolum
948 1230 1107 1314 perdidit.

308 1329 394 1412 §2st
420 1329 455 1392 N
457 1350 551 1407 aves,
566 1349 652 1412 quas
668 1349 730 1393 rex
749 1329 786 1392 in
800 1329 900 1393 litore
916 1330 990 1414 jam
1005 1337 1133 1414 praesto
1147 1331 1200 1394 in·
1214 1312 1346 1416 bescrirtiop

254 1429 350 1492 venit
373 1437 472 1493 erant
495 1449 638 1494 numero
663 1437 813 1506 centum,
836 1437 872 1493 et
896 1432 1013 1495 buoeae
1036 1398 1349 1513 quatuor-{fedwd‘

210 1540 242 1585 10
255 1527 375 1606 decim,
390 1549 476 1593 vasa
489 1549 625 1612 magnae
639 1530 840 1613 capacitatis
860 1537 894 1593 et
913 1532 1008 1595 mirae
1022 1532 1200 1613 agilitatis,

253 1647 339 1692 vasa
352 1629 456 1694 sortia
474 1637 510 1694 et
530 1631 762 1712 integerrima,
778 1650 923 1712 quorum
937 1639 1079 1695 ornatus
1094 1639 1129 1694 et
1144 1653 1200 1695 or-

253 1728 391 1793 dinatus
405 1731 460 1793 hic
474 1736 559 1794 erat.
613 1730 731 1794 Prima
742 1731 881 1794 navium
892 1732 959 1795 tria
968 1733 1201 1813 gubernacula

252 1831 414 1894 vacantia
423 1831 555 1909 habuit,
569 1831 732 1894 tredecim
747 1849 904 1908 ancoras,
922 1833 1065 1913 triginta
1076 1851 1199 1910 remoS,

253 1928 321 1993 duo
347 1931 437 2008 vela,
458 1931 559 1994 funes
588 1931 739 1994 omnium
769 1951 932 2013 generum
962 1932 1132 2014 triplices3
1164 1941 1200 1996 et

207 2042 239 2086 15
252 2037 378 2110 praeter
407 2031 486 2109 ista,
516 2031 777 2116 quibuscunque
811 2032 910 2095 navis
944 2052 1045 2113 egere
1071 2038 1198 2114 potest,

252 2129 369 2212 dupla,
395 2137 522 2213 praeter
548 2132 676 2195 malum
704 2139 739 2195 et
768 2130 942 2213 scapham.
1005 2129 1198 2196 Ascribitur

252 2231 351 2295 navis
374 2233 531 2313 regimini
554 2239 668 2295 rector
688 2251 778 2294 unus
805 2231 1034 2309 doctissimus,
1055 2240 1090 2295 et
1111 2252 1196 2314 qua-

251 2332 440 2395 tuordecim
460 2332 492 2395 ei
512 2331 664 2397 vernulae
683 2332 784 2396 electi
806 2332 843 2394 in
866 2332 1091 2395 ministerium
1113 2352 1196 2415 sup*

250 2438 428 2511 putantur.
481 2431 656 2497 Oneratur
668 2433 767 2496 navis
789 2431 1020 2514 quadraginta
1042 2434 1138 2515 cquis
1154 2434 1196 2498 de

204 2543 238 2588 ao
250 2532 360 2612 pretio
378 2533 577 2596 exercitatis
596 2533 640 2596 ad
661 2552 768 2610 arma,
782 2540 818 2595 et
836 2533 929 2596 omni
949 2552 1122 2596 armorum
1137 2554 1196 2615 ge-

248 2650 329 2695 nere
344 2632 487 2696 totidem
509 2634 675 2714 equitum,
689 2641 724 2696 et
739 2633 969 2715 quadraginta
983 2633 1148 2716 peditum,
1163 2643 1198 2698 et

248 2732 440 2812 quindecim
460 2733 709 2815 navigantium,
723 2741 758 2798 et
771 2733 978 2797 victualibus
992 2753 1054 2815 per
1068 2753 1197 2797 annum

247 2831 419 2914 integrum
447 2840 501 2900 tot
527 2833 702 2922 hominum
731 2842 767 2898 et
789 2854 966 2915 equorum.
1020 2833 1102 2896 Una
1122 2842 1198 2898 erat

248 2932 399 2996 omnium
428 2934 568 2997 navium
593 2933 797 3015 dispositio;
821 2934 967 3015 singulae
987 2953 1069 2996 vero
1094 2935 1195 2996 buce-

202 3043 234 3088 25
248 3050 344 3095 arum
380 3033 558 3099 ordinatus
593 3041 629 3098 et
661 3036 776 3098 oneris
810 3034 952 3116 duplum
982 3042 1195 3114 receperunt.

247 3131 447 3200 Thesaurus
471 3135 575 3215 regis
601 3134 660 3216 qui
683 3140 758 3198 erat
781 3153 928 3216 magnus
951 3134 1052 3196 nimis
1080 3141 1115 3198 et
1142 3135 1194 3197 in-

248 3234 473 3311 aestimabilis,
497 3234 628 3298 divisus
651 3241 704 3297 est
726 3254 788 3316 per
806 3253 913 3298 naves
937 3241 973 3296 et
994 3234 1133 3307 buccas,
1156 3242 1195 3298 ut

247 3334 277 3394 si
289 3350 371 3415 pars
386 3354 456 3398 una
471 3335 615 3398 sentiret
629 3334 830 3416 periculum,
845 3334 977 3416 reliqua
990 3333 1193 3398 salvaretur.

248 3430 382 3510 Quibus
395 3435 447 3498 ita
460 3435 647 3518 dispositio,
663 3454 726 3498 rex
746 3434 820 3516 ipse
840 3455 918 3497 cum
937 3432 1068 3497 familia
1086 3453 1195 3516 parva

202 3541 233 3586 3⁰
246 3541 282 3596 et
295 3535 442 3619 majores
454 3536 626 3599 exercitus
638 3555 716 3598 cum
728 3535 794 3598 sibi
807 3534 1065 3612 famulantibus
1075 3534 1195 3599 relicto

245 3632 357 3712 litore,
382 3635 583 3717 praecedunt
601 3634 747 3698 classem
767 3635 801 3697 in
823 3636 943 3716 galeis
975 3642 1010 3698 et
1029 3655 1091 3717 per
1110 3635 1194 3698 civi·

245 3738 336 3798 tates
370 3734 561 3799 maritimm
598 3734 715 3798 dietim
759 3735 986 3817 hospitantes,
1032 3737 1194 3798 assumtis

245 3851 360 3898 secum
384 3835 571 3918 majoribus
594 3836 699 3897 maris
721 3835 814 3897 illius
834 3836 979 3902 navibus
1002 3853 1043 3897 ac
1064 3835 1193 3911 buccis,

245 3953 408 4016 prospere
435 3935 634 4004 Messanam
664 3934 915 4017 applicuerunt.
975 3933 1092 3997 Tanta
1120 3940 1357 4038 eratffiffiffit

199 4055 230 4098 aa
245 4035 493 4116 applicantium
516 4035 639 4118 gloria,
652 4035 734 4099 talis
755 4034 873 4115 fragor
894 4042 929 4099 et
950 4033 1066 4114 fulgor
1080 4053 1193 4098 armo-
1207 4043 1262 4091 sut·
1272 4043 1304 4080 ²³·

245 4153 332 4212 rum,
346 4141 466 4199 tantus
488 4137 646 4200 tubarum
672 4136 836 4217 strepitus
857 4142 893 4199 et
911 4134 1085 4211 lituorum,
1101 4135 1194 4216 quod

238 4233 420 4318 intremuit
429 4237 552 4302 civitas
564 4243 599 4300 et
610 4237 764 4318 expavit,
773 4236 936 4317 venitque
948 4241 1068 4300 contra
1079 4255 1192 4317 regem

1025 4369 1043 4414 o
