3208 5036
401 509 445 574 68
662 525 848 574 arcuimus
872 523 1088 573 nivrsmusrs

240 686 477 770 inarmipse
510 685 618 750 frater
651 685 727 769 ejus
761 684 883 748 unicus
917 690 953 748 et
984 682 1140 748 uterinus
1173 679 1353 745 lohannes

402 805 518 852 comes
542 787 741 864 Moretonii‚
760 804 823 849 nec
848 784 1039 849 Justiciarii
1063 783 1150 867 ejus,
1172 802 1236 846 nec
1255 799 1352 863 mag-

404 896 505 952 nates
526 888 662 971 reliqui,
692 887 876 970 quicquam
905 886 972 950 visi
994 891 1076 948 sunt
1104 883 1146 948 de
1176 883 1352 947 transmit-

404 988 519 1053 tendis
542 987 592 1051 illi
618 988 690 1052 suis
716 987 924 1065 redditibus3
953 985 1013 1050 sed
1037 1004 1147 1067 neque
1171 984 1215 1048 de
1240 982 1353 1046 reditu

405 1089 498 1153 illius
516 1089 681 1170 cogitare.
735 1088 857 1152 Oratio
881 1094 997 1151 tamen
1021 1086 1125 1150 fiebat
1150 1085 1224 1148 sine
1245 1084 1352 1147 inter·
1382 1095 1397 1138 ⁵

242 1211 389 1254 cancrinum
406 1189 568 1254 missione
591 1191 634 1254 ab
657 1188 802 1253 ecclesia
823 1188 867 1251 ad
891 1188 1006 1253 Deum
1024 1205 1087 1269 pro
1110 1204 1162 1250 eo.
1215 1184 1353 1248 Minue·

243 1264 355 1313 ''m'‘
406 1293 508 1355 batur
527 1291 563 1353 in
585 1290 659 1353 dies
681 1290 718 1353 in
736 1289 846 1353 Terra
866 1287 1110 1352 Promissionis
1136 1287 1228 1368 regis
1254 1305 1353 1349 exer-

404 1392 508 1468 eituS,
534 1397 569 1454 et
592 1397 718 1472 praeter
744 1390 929 1453 mulctatos
956 1388 1084 1470 gladio,
1109 1387 1219 1451 multa
1247 1386 1355 1449 millia

406 1512 469 1575 per
489 1510 623 1555 menses
645 1491 801 1573 singulos
823 1509 868 1554 ex
895 1489 1055 1554 nocturni
1077 1487 1214 1570 frigoris
1239 1494 1274 1551 et
1303 1486 1354 1549 di-

406 1593 484 1655 urni
507 1591 650 1655 fervoris
672 1591 940 1674 intemperantia
967 1590 1068 1654 nimis
1097 1589 1256 1672 proxima
1281 1607 1354 1651 mo·
1367 1600 1401 1647 ιο

407 1693 586 1756 riebantur
603 1693 640 1755 in
662 1692 802 1774 populo.
856 1691 907 1755 Ut
928 1691 1120 1767 videbatur,
1142 1688 1355 1753 moriendum

407 1794 456 1857 ibi
488 1790 555 1856 suit
588 1793 758 1869 omnibus,
791 1792 976 1875 eligeretur
1009 1811 1031 1854 a
1059 1791 1212 1874 quolibet
1240 1796 1355 1853 utrum

408 1894 567 1971 imbellis,
602 1913 647 1957 an
681 1893 863 1957 moriretur
893 1893 931 1955 in
958 1892 1060 1956 bello.
1112 1891 1168 1955 Ex
1198 1890 1355 1967 adverso,

409 1995 588 2076 gentilium
611 1995 716 2059 robur
739 1994 959 2058 vehementer
981 1993 1140 2069 invaluit,
1164 1993 1287 2074 quibus
1311 2010 1356 2054 ex

409 2115 493 2159 casu
507 2094 781 2159 Christianorum
799 2095 908 2159 crevit
921 2094 1078 2171 audacia,
1096 2113 1240 2176 quorum
1254 2092 1357 2156 certis
1369 2102 1400 2148 ¹⁵

409 2196 542 2260 vicibus
564 2197 694 2260 recenti
716 2196 823 2259 milite
842 2195 1058 2259 reficiebatur
1077 2195 1261 2270 exercitus,
1281 2193 1355 2275 qui-

409 2299 474 2360 bus
492 2303 567 2360 erat
587 2315 646 2360 aer
668 2303 806 2373 natura,
830 2295 927 2360 locus
946 2296 1071 2378 patria,
1093 2295 1192 2358 labor
1212 2294 1357 2370 sanitas,

410 2398 560 2479 parcitas
569 2397 749 2460 medicina.
803 2395 847 2458 In
857 2395 1043 2472 NeustriiS,
1060 2396 1240 2472 ediverso,
1253 2394 1358 2458 fiebat

410 2493 605 2576 adversum,
634 2497 726 2581 quod
754 2497 959 2561 adversariis
988 2496 1120 2561 ferebat
1149 2495 1357 2560 emolumen-

410 2603 496 2661 tum.
548 2597 586 2662 Si
609 2599 736 2681 quippe
760 2599 870 2662 nostri
891 2598 948 2663 vel
976 2598 1082 2662 semel
1104 2597 1141 2661 in
1164 2597 1402 2678 septimanam

410 2698 549 2780 parcius
561 2698 729 2776 viverent,
750 2706 882 2781 septem
895 2699 1097 2781 septimanis
1110 2704 1233 2781 postea
1245 2698 1358 2761 minus

410 2798 516 2863 validi
529 2797 763 2863 redderentur.
815 2799 1031 2881 Epulabatur
1048 2818 1133 2881 gens
1155 2819 1200 2863 ex
1215 2799 1359 2862 Francis

406 2907 447 2963 et
482 2897 605 2982 Anglis
641 2899 835 2982 promiscua
871 2907 1148 2982 quantocumque
1184 2907 1359 2964 constaret

410 3001 558 3083 pretium
575 3001 656 3064 dum
670 3001 817 3064 durabat
827 3001 979 3082 quotidie
990 3000 1179 3084 splendide,
1193 3007 1228 3064 et
1243 2999 1359 3087 (salva

382 3140 384 3144 -
412 3100 624 3166 Francorum
646 3098 857 3186 reverentia)
870 3121 980 3184 usque
1001 3101 1045 3165 ad
1070 3120 1257 3182 nauseam3
1285 3099 1402 3165 Art-²⁵

409 3201 613 3285 glorumque
635 3202 846 3267 memorabili
873 3222 967 3266 more
989 3209 1128 3267 servato
1151 3202 1357 3286 perenniter,

406 3304 475 3367 sub
489 3303 574 3386 ipsis
590 3304 693 3368 etiam
707 3304 802 3368 lituis
812 3311 847 3367 et
862 3304 1023 3386 clangore
1031 3305 1124 3368 tubae
1139 3304 1195 3369 vel
1203 3303 1357 3367 buccinae

406 3402 527 3468 debita
553 3404 736 3469 devotione
768 3404 924 3469 inhiabat
954 3405 1117 3469 calicibus
1150 3403 1356 3468 effaecandis.

411 3502 625 3569 Mercatores
658 3505 857 3586 provinciae,
896 3505 955 3587 qui
989 3506 1111 3568 castris
1149 3504 1358 3570 invehebant

409 3603 589 3680 victualia,
612 3605 826 3667 mirabantur
852 3623 897 3667 ex
926 3604 1082 3668 miraculi
1111 3604 1357 3682 dissuetudine,
1369 3618 1402 3664 ao

411 3709 447 3766 et
474 3704 612 3784 credere
643 3701 734 3786 quod
766 3704 928 3768 videbant
955 3723 1074 3768 verum
1099 3725 1175 3770 esse
1204 3707 1266 3771 vix
1294 3727 1357 3789 po-

409 3810 539 3880 terant,
554 3805 636 3868 dum
659 3805 807 3888 populus
828 3823 930 3883 unus,
956 3811 991 3869 et
1009 3806 1039 3870 is
1055 3827 1184 3890 parvus
1204 3826 1357 3885 numero,

411 3904 552 3986 triplum
580 3906 680 3988 panis
709 3907 904 3971 absumeret
933 3907 1063 3971 etvini
1085 3908 1284 3991 centuplum
1313 3907 1357 3971 ad

410 4003 446 4067 id
468 4005 559 4069 unde
581 4008 866 4071 sustentabantur
887 4007 1002 4090 plures
1026 4010 1204 4090 gentilium
1227 4008 1357 4092 populi,

411 4110 446 4168 et
474 4105 617 4187 quilibet
638 4107 908 4172 innumerabilis,
960 4109 1007 4172 Et
1034 4109 1127 4174 sacta
1159 4116 1212 4173 est
1235 4111 1357 4174 merito
1371 4123 1402 4168 ³6

411 4223 514 4286 super
522 4206 682 4271 emeritos
693 4226 815 4271 manus
825 4208 978 4273 Domini.
1006 4210 1156 4275 Tantam
1169 4209 1356 4291 ingluviem

410 4312 510 4371 tanta
539 4307 747 4389 sequebatur
775 4309 901 4387 inedia,
930 4317 970 4373 ut
999 4310 1058 4374 vix
1088 4310 1208 4375 dentes
1239 4309 1356 4391 digitis
