3208 5036
388 467 435 514 oa
459 467 575 514 annos
599 467 723 516 casus
746 453 898 516 morani
923 468 1040 517 rnrur.
1148 455 1193 522 25

239 625 352 688 missis
373 625 425 688 illi
438 625 563 707 viginti
585 627 735 690 millibus
752 628 932 691 unciarum
955 629 1030 691 auri
1053 648 1116 711 pro
1131 630 1192 694 do·
1206 644 1356 694 A.D.119⁰.

240 728 329 790 tario
354 726 494 803 sororis,
518 733 554 790 et
586 726 663 790 aliis
690 727 816 808 viginti
838 728 989 792 millibus
1015 732 1194 794 unciarum

241 827 316 891 auri
331 847 394 909 pro
409 826 526 908 legato
543 827 709 891 Willelmi
728 828 819 910 regis
840 836 875 892 et
895 835 1062 912 perpetua
1081 832 1146 895 sibi
1160 840 1195 896 et

241 928 313 990 suis
338 947 424 1009 pace
442 928 623 992 servanda.
676 927 869 1010 Suscipitur
883 929 968 993 satis
984 948 1077 1011 aegre
1091 940 1126 995 et
1141 935 1194 997 in-

213 1028 427 1109 adignanter
447 1028 533 1090 illud
554 1049 677 1112 parum
699 1031 867 1111 pecuniae,
892 1030 1083 1098 redduntur
1103 1035 1194 1096 obsi-

243 1129 315 1204 deS,
331 1135 366 1192 et
382 1130 425 1192 ab
440 1129 620 1211 utriusque
639 1129 747 1211 partis
763 1131 986 1212 optimatibus
1006 1151 1078 1214 pax
1097 1133 1196 1198 firma

239 1229 388 1313 juratur.
482 1273 487 1280 -

279 1329 449 1412 §aanor
457 1328 1195 1414 Angliae,minusadbuccredensindigenis

245 1427 326 1492 fecit
342 1430 521 1494 castellum
533 1430 685 1512 ligneum
699 1451 827 1495 novum
838 1449 973 1513 magnae
985 1431 1197 1498 fortitudinis

200 1545 232 1589 ro
246 1537 281 1594 et
295 1530 489 1594 eminentiae
500 1530 607 1614 juxta
621 1552 738 1596 muros
754 1531 941 1608 Messanae,
956 1532 1060 1613 quod,
1075 1533 1119 1596 ad
1135 1555 1196 1617 op-

246 1631 420 1712 probrium
450 1631 655 1709 Griffonum,
693 1631 956 1713 ‘Mategriffun'
994 1634 1196 1698 nominavit.

249 1729 452 1794 Glorificata
464 1739 518 1795 est
531 1731 697 1797 fortitudo
713 1733 805 1814 regis
821 1732 933 1810 valde,
948 1740 983 1797 et
996 1733 1092 1797 siluit
1105 1741 1198 1798 terra

247 1831 284 1892 in
311 1839 498 1914 conspectu
528 1832 614 1915 ejus.
666 1833 844 1897 Walterus
882 1851 926 1895 ex
964 1834 1132 1898 monacho
1163 1843 1198 1899 et

248 1931 361 2012 priore
370 1931 658 1996 SanctiSwitbini
666 1933 918 1997 Wintoniensis
928 1933 1081 1997 ecclesiae
1091 1936 1198 1998 abbas

203 2045 234 2089 rs
249 2030 360 2094 factus
379 2032 693 2111 westmonasterii,
718 2033 852 2116 opetiit,
881 2033 1002 2114 quinto
1031 2032 1197 2098 kalendas

251 2130 422 2196 Octobris.
440 2131 552 2214 [Sept.
567 2133 640 2215 27.]

283 2231 319 2314 ,ᾖ
341 2233 395 2297 29.
421 2232 559 2314 Regina
572 2231 728 2310 Alienor,
754 2232 881 2297 femina
908 2233 1198 2316 incomparabilis,
1211 2252 1361 2314 caecamu-

250 2333 393 2414 pulcbra
414 2341 449 2397 et
464 2333 600 2415 pudica,
615 2340 738 2416 potens
762 2341 797 2397 et
822 2333 989 2410 modesta,
1002 2334 1148 2398 humilis
1164 2342 1199 2400 et
1210 2313 1338 2404 iiiior-52⁹⁸

251 2432 391 2510 diserta,
408 2434 499 2515 quod
522 2434 559 2497 in
583 2434 711 2498 femina
735 2433 824 2497 solet
844 2434 992 2497 inveniri
1014 2435 1200 2515 rarissime„

205 2554 238 2600 ao
252 2552 329 2614 quae
354 2555 425 2598 non
451 2535 563 2597 minus
587 2552 720 2598 annosa
750 2553 854 2616 quam
880 2553 958 2616 quae
987 2535 1073 2600 duos
1101 2556 1199 2618 reges

250 2635 392 2699 maritos
415 2634 583 2700 habuerat
607 2643 643 2698 et
667 2635 753 2698 duos
777 2653 876 2716 reges
897 2635 998 2713 filios,
1021 2636 1133 2701 adhuc
1156 2637 1200 2701 ad

252 2754 370 2798 omnes
397 2734 570 2799 indefessa
594 2729 740 2812 labores,
764 2754 867 2818 posse
891 2735 991 2820 cujus
1026 2744 1112 2800 aetas
1136 2757 1201 2801 sua

250 2835 367 2899 mirari
382 2837 507 2918 potuit,
522 2843 676 2900 assumta
700 2855 816 2900 seeum
840 2835 912 2899 filia
931 2837 1022 2918 regis
1039 2837 1075 2900 N
1077 2857 1199 2903 avaro-

252 2955 338 3013 rum,
354 2936 472 3019 puella
485 2937 705 3018 prudentiore
719 2955 822 3017 quam
844 2935 999 3018 pulchra,
1014 2945 1133 3001 secuta
1147 2947 1201 3003 est

207 3052 239 3096 25
252 3056 367 3117 regem
381 3037 488 3100 filium
504 3057 616 3114 suum,
630 3044 666 3100 et
678 3044 863 3100 consecuta
883 3045 1073 3101 morantem
1089 3037 1200 3103 adbuc

251 3137 286 3198 in
304 3136 433 3214 Sicilia,
447 3139 542 3202 venit
556 3138 678 3201 Risam
700 3137 876 3204 civitatem
899 3139 992 3201 omni
1013 3140 1104 3203 bono
1127 3139 1199 3220 ple·

253 3255 333 3300 nam
365 3246 400 3302 et
425 3239 552 3302 bonam
580 3238 745 3320 receptui,
770 3236 1014 3319 praestolatura
1037 3239 1085 3302 ibi
1112 3240 1201 3303 velle

253 3339 357 3418 regie,
382 3359 459 3403 cum
481 3338 607 3420 legatis
636 3338 726 3420 regis
750 3337 971 3401 Navarorum
997 3345 1032 3402 et
1055 3339 1199 3421 virgine.

254 3436 359 3501 Multi
382 3447 554 3503 noverunt
568 3439 660 3522 quod
679 3437 812 3502 utinam
828 3451 933 3502 'nemo
950 3445 1106 3504 nostrum
1121 3462 1201 3506 nos-

209 3553 241 3597 ao
254 3545 318 3600 set.
365 3538 454 3602 Haec
469 3541 547 3622 ipsa
559 3540 680 3621 regina
693 3546 847 3622 tempore
863 3537 987 3621 prioris
1009 3541 1124 3605 mariti
1137 3541 1203 3607 suit

255 3636 519 3722 Hierosolymis
567 3640 680 3704 Nemo
695 3640 774 3723 plus
787 3639 868 3703 inde
881 3641 1044 3724 loquatur
1056 3662 1065 3721 3
1090 3649 1124 3706 et
1138 3662 1203 3724 ego

253 3738 340 3802 bene
356 3741 449 3803 novi.
502 3741 619 3805 Silete.

289 3918 700 3987 1⁶Fmtus.]Factusest,MSS·
741 3883 839 4001 3211.ss
854 3882 900 3932 her
914 3898 971 3932 sons
984 3883 1072 3945 Hem-y
1092 3885 1143 3932 aud
1161 3887 1205 3934 Rj.

289 4011 310 4046 Ἃ
321 4016 390 4064 Duos
400 4031 471 4078 reges
481 4019 581 4068 nmrttor
593 4055 599 4070 .
613 4055 619 4068 .
625 4019 716 4085 filiae]
777 4018 797 4052 ²⁹
814 4022 892 4070 Multi
902 4023 1039 4086 account]
1057 4024 1088 4071 In
1100 4025 1157 4075 MS.
1170 4027 1203 4076 P.

232 4089 236 4106 ·
255 4086 358 4134 Elianor
364 4101 420 4135 was
432 4090 601 4151 successively
608 4090 650 4138 the
658 4089 718 4138 wile
742 4092 784 4140 the
803 4093 944 4141 remainder
954 4092 983 4140 of
990 4093 1041 4143 this
1051 4096 1204 4158 paragraph,

255 4155 284 4204 oi
297 4157 375 4205 Louis
393 4157 436 4206 the
456 4159 565 4208 Serentb
581 4160 610 4208 of
622 4161 718 4208 Franco
742 4163 846 4212 relative
862 4168 888 4211 to
903 4162 945 4210 the
962 4164 1071 4213 conduct
1081 4165 1110 4213 of
1124 4181 1205 4226 queen

255 4227 306 4274 and
324 4226 414 4288 Henry
431 4228 474 4276 the
492 4230 590 4280 Second
606 4230 635 4278 of
651 4231 718 4292 Eng-
743 4232 855 4294 Elianor‚
882 4233 905 4281 is
928 4231 1085 4284 surrounded
1109 4237 1171 4286 with
1190 4252 1207 4286 a

255 4297 331 4360 land;
348 4298 399 4346 and
415 4297 467 4346 bad
482 4314 541 4348 seen
557 4301 599 4350 the
617 4315 719 4350 corona-
741 4303 842 4366 border,
853 4318 882 4352 so
893 4317 922 4352 as
933 4308 960 4352 to
971 4309 1063 4354 attract
1077 4309 1206 4358 attention.
