3208 5036
542 1322 938 1430 Paoaoeos

260 1905 320 1988 §L
337 1904 569 1968 Vuuauamm
579 1907 671 1988 patri
680 1913 714 1970 et
723 1925 857 1988 semper
870 1905 1008 1969 domino
1020 1905 1208 1983 Rouuaro,

258 2021 339 2085 olim
355 2022 459 2104 priori
469 2023 719 2086 Wintoniensis
735 2022 901 2098 ecclesiae,
917 2040 1000 2084 suus
1011 2020 1208 2086 Rlcaunus

258 2138 370 2202 dictus
386 2140 669 2217 Drvrs1aNs1s,si
685 2141 812 2204 bonum
838 2145 892 2202 est
914 2139 1006 2220 quod
1021 2138 1208 2217 inchoavit,

230 2275 245 2317 s
258 2256 294 2318 in
309 2276 349 2319 eo
366 2275 598 2338 perseverare.

308 2371 501 2455 Postquam
522 2374 613 2436 bono
636 2373 749 2436 omine
770 2372 813 2437 de
836 2378 955 2435 nostra
974 2371 1210 2436 Wintoniensi

259 2489 403 2552 ecelesia
417 2487 614 2553 Certusiam
628 2489 802 2572 proiectus
821 2508 869 2566 es,
886 2488 1032 2552 multum
1056 2495 1092 2552 et
1116 2508 1220 2572 saepe.⁴

259 2605 450 2669 desideravi
475 2606 638 2688 subsequi
667 2607 717 2669 sic
746 2605 949 2688 profectum,
973 2613 1087 2669 tecum
1120 2605 1209 2669 forte

258 2741 490 2800 remansurus,
519 2729 613 2786 certo
646 2707 762 2787 autem
790 2723 927 2786 visurus
958 2722 1040 2804 quid
1076 2741 1208 2802 agereS,

214 2855 245 2900 10
258 2839 407 2920 qualiter
420 2840 566 2916 vivereS,
583 2848 713 2922 quanto
737 2839 825 2903 cella
840 2837 1011 2903 Cartusiee
1026 2838 1150 2902 celsior
1164 2839 1211 2903 sit

258 2962 294 3019 et
308 2956 396 3020 coelo
410 2957 555 3020 vicinior
570 2957 721 3020 claustro
736 2956 939 3021 Wintoniee.
977 2955 1101 3020 Voluit
1112 2956 1208 3018 Deus

258 3071 398 3136 tandem
421 3080 504 3136 voto
532 3092 608 3136 meo
639 3071 857 3150 satisfacere3
884 3072 975 3149 veni,
1007 3077 1042 3135 et
1076 3072 1209 3134 utinam

259 3187 354 3251 solus
365 3189 546 3252 venissem.
583 3189 649 3252 Fui
664 3189 723 3266 ibi,
733 3208 787 3252 me
803 3189 917 3266 tertio,
927 3187 1135 3270 fueruntque
1150 3189 1210 3271 qui

259 3323 391 3367 mecum
421 3312 589 3368 venerant
617 3304 700 3368 mihi
728 3321 834 3367 causa
862 3323 1027 3367 recessus.
1090 3304 1210 3367 Meum

215 3419 325 3483 millis
346 3421 434 3483 velle
456 3420 641 3502 displicuit,
657 3420 905 3503 fervoremque,
928 3440 998 3484 non
1021 3420 1133 3483 dicam
1156 3441 1208 3484 er-

258 3555 381 3613 rorem,
396 3535 521 3618 frigere
537 3537 620 3600 mihi
635 3536 800 3600 feceruut.
833 3536 916 3600 Vidi
929 3537 1021 3619 apud
1037 3556 1100 3600 vos
1117 3537 1209 3619 quod

259 3651 341 3715 alibi
364 3672 434 3716 uon
460 3653 624 3731 videram,
650 3653 742 3735 quod
774 3674 844 3717 non
871 3653 1091 3730 credideram,
1116 3653 1209 3735 quod

258 3770 371 3833 minus
387 3770 503 3833 mirari
517 3777 674 3853 poteram
690 3790 794 3853 quam
808 3770 955 3834 deceret.
996 3769 1041 3833 In
1056 3769 1210 3851 qualibet

259 3886 423 3949 cellarum
437 3893 631 3949 vestrarum
644 3894 698 3949 est
713 3907 820 3948 unum
837 3885 963 3948 ostium
978 3903 1022 3946 ex
1035 3883 1208 3960 institute,

213 3983 350 4085 eoquod
366 4003 464 4066 vobis
480 4003 613 4084 aperire
627 4002 708 4064 licet
722 4001 767 4064 ad
781 4001 958 4084 placitum,
974 4000 1033 4062 sed
1049 4007 1116 4082 per'
1124 3999 1209 4063 illud

259 4120 353 4182 exire
381 4139 451 4184 non
476 4119 568 4196 licet,
585 4119 652 4182 nisi
674 4125 810 4182 tantum
833 4117 884 4180 ita
907 4124 947 4180 ut
970 4136 1060 4180 unus
1083 4117 1209 4200 pedum

258 4235 345 4300 citra
360 4236 464 4299 limen
478 4237 514 4298 in
529 4235 616 4298 cella
631 4254 765 4318 semper
779 4241 966 4298 remaneat.
1001 4234 1210 4317 Egrediatur

1039 4369 1058 4414 a
