3208 5036
435 481 479 547 66
694 497 880 550 arcturus
903 495 1119 545 nrusruusrs

273 665 424 720 aalma.
435 657 529 722 debit
539 657 598 742 qui
613 675 676 740 pro
691 656 821 722 foribus
835 655 982 734 habitat,
996 655 1138 742 (etipse
1152 651 1238 718 satis
1252 671 1384 735 pauper

435 755 615 844 vicarius)
638 758 832 835 ‘Transita
855 764 890 822 et
912 756 995 822 alibi
1016 753 1213 820 alimoniam
1227 755 1383 838 quaerite,

436 860 519 945 quia
540 858 698 923 dominus
728 859 850 924 domus
876 858 1061 922 dominon
1084 855 1159 921 est.’
1213 854 1302 921 Haec
1330 861 1384 919 est

436 961 497 1025 illa
513 959 666 1043 gloriosa
689 959 890 1024 clericorum
904 958 1038 1042 religio,
1054 956 1153 1042 cujus
1168 957 1284 1038 gratia
1300 955 1383 1020 Ces·

438 1062 564 1126 trensis
585 1061 767 1145 episcopus
788 1059 974 1126 monachos
998 1077 1080 1123 suos
1107 1057 1150 1122 de
1178 1055 1385 1123 coventreia
1413 1079 1430 1125 a

440 1162 587 1245 expulit,
617 1162 747 1246 primus
780 1160 956 1225 bominum
985 1166 1120 1224 tantum
1150 1158 1249 1223 nefas
1279 1176 1385 1223 ausus

441 1263 632 1327 admittere.
685 1261 802 1326 Causa
830 1261 1030 1326 clericorum
1061 1259 1297 1342 irregulariter
1331 1279 1385 1323 re-

364 1380 366 1387 ·
442 1363 625 1446 galerium,
640 1363 782 1441 scilicet,
796 1362 1051 1440 canonicorum,
1067 1359 1111 1425 ad
1126 1361 1291 1444 placitum
1312 1379 1386 1424 mo·

442 1462 572 1527 nacbcs
600 1463 812 1542 eliminavit;
843 1463 1042 1540 monachos,
1069 1463 1129 1544 qui
1152 1481 1221 1526 non
1243 1461 1385 1539 vicario,

440 1563 501 1628 sed
530 1583 589 1627 cre
616 1563 756 1646 proprio
788 1562 979 1627 laudabant
1005 1562 1205 1639 Dominum,
1234 1563 1295 1645 qui
1324 1561 1386 1626 ha·
1400 1576 1433 1626 rc

440 1663 600 1729 bitabant
625 1671 660 1728 et
692 1663 916 1728 ambulabant
945 1663 982 1727 in
1010 1663 1112 1728 domo
1141 1654 1283 1728 Domini
1309 1681 1388 1726 cum

441 1783 612 1829 consensu
635 1764 792 1829 omnibus
815 1763 934 1828 diebus
960 1764 1043 1829 vitae
1065 1783 1151 1842 suae,
1181 1763 1241 1846 qui
1262 1770 1390 1846 praeter·

442 1866 572 1931 victum
611 1872 646 1930 et
683 1865 847 1929 vestitum
881 1864 967 1928 nihil
1000 1872 1173 1929 terrenum
1207 1871 1388 1942 noverant,

443 1949 588 2049 quorum
613 1965 715 2050 panis
736 1983 871 2049 semper
891 1971 1019 2048 praesto
1042 1965 1107 2030 suit
1125 1965 1280 2049 pauperi,
1303 1984 1389 2048 quo-

443 2086 520 2130 rum
541 2074 643 2150 porta
664 2066 805 2131 cuilibet
826 2066 952 2131 matari
973 2066 1127 2148 quolibet
1149 2072 1303 2148 tempore
1326 2080 1433 2148 prr-1⁶

443 2168 533 2232 tuit:
563 2187 626 2231 nec
643 2174 761 2231 tamen
780 2166 897 2232 taliter
919 2167 1122 2249 placuerunt
1135 2167 1309 2250 episcopo,
1329 2165 1389 2249 qui

443 2285 621 2350 nunquam
662 2267 785 2333 dilexit
821 2267 1008 2331 monachos
1042 2268 1100 2334 vel
1133 2267 1389 2332 monachatum.

445 2367 564 2434 Homo
592 2369 785 2433 dicacitatis
818 2387 957 2446 amarat,
993 2369 1115 2452 quiet
1143 2369 1174 2432 si
1203 2368 1389 2452 aliquando

445 2470 549 2534 alicui
589 2476 757 2554 parceret,
800 2487 976 2553 nunquam
1015 2468 1200 2535 monachos
1235 2469 1391 2535 mordere

446 2570 588 2652 quievit.
641 2569 672 2634 0
710 2570 779 2635 offa
815 2571 932 2635 solida.
959 2577 995 2635 et
1029 2569 1238 2635 insorbibilis
1271 2589 1436 2638 mona-ra

446 2670 551 2734 chus!
577 2670 688 2734 multa
700 2670 810 2735 millia
823 2671 1068 2736 maledicorum
1082 2671 1181 2736 bolus
1194 2671 1261 2736 iste
1277 2678 1391 2736 stran-

447 2770 594 2853 gulavit,
628 2771 761 2854 fuitque
787 2771 877 2836 male
905 2772 1130 2837 morientibus
1160 2791 1223 2854 pro
1251 2773 1391 2838 viatica

446 2871 485 2936 Si
511 2872 647 2955 quoties
680 2872 856 2937 mordetur
884 2880 920 2937 et
952 2873 1086 2936 roditur
1111 2873 1300 2938 monachus
1331 2874 1411 2940 ab·.

446 2974 653 3052 sorberetur,
678 2981 760 3038 ante
781 2973 930 3057 plurima
952 2973 1068 3038 secula
1090 2981 1166 3038 tcta
1186 2973 1309 3038 fuisset
1332 2976 1393 3038 ab·

446 3081 568 3157 scrpta
579 3073 713 3157 religio.
762 3073 870 3138 Omni
888 3082 1041 3157 tempore
1056 3082 1090 3140 et
1105 3074 1194 3153 loce,
1217 3076 1291 3141 sive
1304 3075 1393 3139 serio
1404 3094 1437 3140 2⁵

447 3174 521 3238 sive
539 3174 621 3259 joco
642 3175 841 3258 loqueretur
859 3176 1053 3259 episcopm,
1073 3175 1190 3261 aliqua
1211 3195 1292 3259 pars
1315 3195 1393 3241 ora·

448 3275 553 3340 tionis
580 3275 657 3360 ejus
689 3283 766 3341 erat
793 3276 994 3341 monachus.
1047 3277 1124 3341 Nec
1160 3297 1237 3341 eum
1274 3296 1394 3341 mona-

448 3376 590 3441 chorum
603 3396 744 3441 sucrum
759 3378 930 3443 saturavit
944 3377 1067 3461 ejectio
1079 3396 1087 3456 ;
1104 3377 1165 3440 sed
1180 3396 1315 3462 semper
1328 3377 1395 3442 sibi

449 3477 569 3540 similis
584 3484 717 3559 postea,
729 3477 820 3541 sicut
835 3479 943 3560 prius,
960 3477 1165 3542 monachum
1175 3479 1393 3543 masticabat.

448 3574 517 3639 Sed
542 3576 602 3658 qui
625 3576 668 3640 de
691 3577 868 3640 monachis
893 3595 962 3640 non
985 3577 1080 3659 loqui
1103 3597 1175 3642 non
1202 3581 1328 3662 potuit,
1350 3593 1438 3643 neae

448 3683 568 3740 notam
582 3675 783 3740 detrectaris
807 3677 1008 3755 incurreret,
1031 3678 1119 3742 siin
1141 3681 1298 3744 absentia
1320 3698 1394 3744 mo·

448 3775 636 3841 nachorum
658 3783 815 3859 carperet
835 3777 1090 3858 monachatum,
1109 3779 1260 3846 instituit
1275 3799 1395 3845 mona-

449 3875 551 3940 chum
578 3877 727 3960 aliquem
754 3877 792 3942 in
819 3878 915 3943 curia
943 3897 1007 3944 sua
1033 3899 1149 3945 secum
1171 3882 1297 3947 habere
1321 3901 1395 3946 ma-

449 3983 600 4053 nentem,
621 3985 673 4056 ut,
695 3985 866 4061 praesente
887 3980 1056 4045 monacho
1080 3989 1116 4047 et
1143 3983 1315 4060 audiente,
1337 3983 1395 4068 ju·

449 4077 593 4141 eundior
613 4078 656 4142 de
678 4079 855 4144 monachis
872 4081 969 4146 fieret
989 4081 1168 4148 fabulatio.
1220 4081 1439 4148 Assumsitet

448 4176 567 4260 itaque
588 4179 625 4242 in
643 4179 742 4262 quasi
758 4181 974 4264 capellanum
997 4183 1168 4265 quendam
1189 4183 1396 4248 monachum

449 4278 510 4343 vix
532 4279 700 4357 adultum,
722 4280 914 4363 professum
936 4289 1053 4348 tamen
1075 4283 1166 4366 apud
1189 4283 1395 4364 Burtunam,

448 4398 551 4463 quem
585 4387 620 4445 et
657 4380 701 4444 ad
736 4379 920 4446 ludibrium
956 4382 1131 4465 religionis
1166 4383 1396 4451 circumduxit
