3208 5036
387 525 434 570 nn
458 523 574 572 araus
598 523 721 572 casus
745 526 898 573 aronam
924 527 1039 574 parur.
1141 512 1186 576 37

289 681 373 765 §db
399 680 522 747 Comes
552 683 743 762 Johannes,
771 685 807 766 in
837 705 907 748 non
938 695 1090 750 amatum
1119 684 1347 752 sibiA·D·11⁰1·

239 781 490 848 Cancellarium
514 785 682 866 genuinos
700 805 884 863 exacuens,
900 805 1015 852 eoram
1037 786 1183 868 singulis
1196 754 1333 845 mii·

238 885 476 967 episcoporum
499 894 534 948 et
553 893 754 967 magnatum
781 887 880 968 regni
904 888 946 950 de
971 887 1120 953 infracta
1138 909 1182 952 ex
1195 857 1301 906 mmmm

238 985 384 1049 adversa
398 993 497 1068 parte
507 987 635 1070 juratae
650 988 745 1068 pacis
759 987 998 1065 conventione,
1010 988 1052 1052 de
1066 989 1182 1053 fratris

209 1113 224 1156 ⁵
239 1085 313 1170 ejus
338 1086 381 1149 ad
408 1087 462 1149 sui
485 1087 632 1150 dedecus
648 1088 819 1169 captione,
835 1089 1008 1170 querelam
1024 1089 1184 1171 deposuit

238 1186 421 1268 plurimum
449 1187 688 1269 ponderosam.
741 1187 926 1270 Rogantur
948 1188 1123 1274 juratores
1147 1199 1182 1255 et

238 1288 464 1373 conjurantur
477 1295 570 1352 stare
589 1289 807 1371 promissioni
826 1288 966 1373 juratae,
986 1289 1182 1373 faciantque

238 1389 381 1453 celerius
400 1409 444 1453 ne
463 1389 613 1453 deterius
628 1389 701 1466 fiat,
718 1397 757 1453 ut
774 1388 960 1472 fidefragus
975 1398 1010 1455 et
1023 1391 1182 1476 perjurus

238 1489 473 1554 satisfactione
491 1490 597 1572 digna
614 1490 728 1553 deleat
743 1491 834 1574 quod
850 1490 1005 1575 deliquit.
1058 1491 1131 1555 Res
1145 1493 1182 1556 in

192 1611 225 1656 ro
238 1591 339 1672 nugis
354 1591 521 1654 hactenus
538 1591 683 1655 actitata
702 1589 777 1674 jam
800 1591 954 1673 procedit
970 1591 1014 1654 ad
1029 1600 1180 1674 certum3

237 1693 464 1756 summonitur
475 1691 592 1755 valida
607 1691 813 1755 auctoritate
827 1692 979 1755 omnium
993 1713 1133 1757 suorum
1146 1702 1182 1758 et

237 1793 371 1856 comitis
392 1793 618 1857 mediatorum
636 1790 883 1870 Cancellarius‚
908 1800 949 1856 ut
970 1793 1013 1856 ad
1039 1814 1180 1858 accusa-

237 1893 349 1956 tiones
368 1894 503 1958 comitis
524 1912 750 1977 responsurus
774 1901 810 1957 et
826 1891 898 1977 juri
920 1894 1094 1976 pariturus
1117 1896 1182 1959 sibi

237 2001 406 2072 occurrat,
420 1995 497 2058 loco
513 1994 557 2057 ad
568 1994 716 2058 Pontem
726 1993 872 2071 Lodani,
886 1994 941 2057 die
955 1995 1056 2058 tertio
1072 2014 1181 2062 nonas

191 2120 223 2164 ra
239 2092 410 2159 Octobris.
437 2097 474 2177 [5
490 2094 629 2176 Octob]

289 2195 306 2279 §
320 2196 375 2259 49.
392 2194 515 2260 Comes
528 2216 605 2259 cum
620 2195 772 2260 maxima
786 2203 885 2278 parte
899 2197 1068 2281 majorum
1082 2198 1180 2279 regni
1190 2211 1343 2301 phechrnoel-

237 2297 388 2360 0mnium
412 2298 477 2361 sibi
499 2296 686 2360 faventium
710 2316 771 2379 per
793 2298 880 2360 duos
903 2297 976 2360 dies
997 2267 1331 2380 exspecta-iidiiii⁸⁸⁰

236 2404 335 2462 verat
352 2398 429 2462 loco
444 2397 606 2480 colloquii
623 2397 886 2475 Cancellarium,
901 2405 936 2462 et
957 2399 1059 2462 tertio
1079 2419 1179 2462 mane

236 2498 403 2580 praemisit
417 2499 584 2582 quosdam
601 2517 697 2562 exse
713 2499 935 2583 sequentibus
952 2498 1179 2579 Londoniam,

191 2623 225 2668 2⁰
236 2607 442 2682 exspectans
459 2600 496 2662 in
515 2600 591 2663 loco
606 2598 768 2682 colloquii
788 2600 899 2663 adhuc
914 2600 944 2662 si
958 2609 1194 2683 exspectatus

235 2700 293 2766 ille
313 2708 374 2765 aut
394 2701 534 2765 auderet
557 2708 619 2764 aut
640 2699 842 2782 dignaretur
854 2701 982 2764 venire.
1035 2699 1180 2767 Cancel-

235 2800 354 2879 larius,
368 2802 493 2865 timens
507 2802 572 2864 sibi
594 2801 636 2864 de
661 2802 784 2865 comite
800 2808 836 2867 et
850 2807 1028 2883 suspectos
1050 2801 1180 2866 habens

232 2900 379 2985 judices,
393 2902 479 2966 duos
495 2902 568 2965 dies
582 2901 716 2966 distulit
730 2901 774 2965 ad
788 2901 902 2966 locum
918 2903 1054 2983 venire3
1077 2904 1180 2968 tertio
1239 2941 1241 2944 ·

236 3001 347 3088 (quia,
376 3011 416 3067 ut
437 3003 559 3086 cuique
586 3003 724 3066 conscia
744 3021 842 3066 mens
865 3011 929 3080 est,
951 3002 1002 3067 ita
1031 3005 1181 3086 concipit

191 3133 223 3178 25
236 3103 327 3168 inter
340 3111 481 3186 pectora
501 3124 564 3187 pro
579 3103 672 3167 facto
691 3123 855 3186 spemque
876 3111 1072 3186 metumque
1087 3101 1180 3187 suo,)

234 3205 326 3268 inter
344 3224 440 3287 spem
464 3211 498 3269 et
521 3212 649 3268 metum
673 3203 805 3268 medius
830 3204 873 3268 ad
897 3202 1104 3285 colloquium
1129 3204 1179 3268 ire

235 3306 399 3387 perrexit.
451 3306 498 3369 Et
509 3307 602 3370 ecce!
619 3306 673 3368 vir
686 3305 751 3368 sibi
764 3304 874 3367 fidelis
887 3303 1060 3368 Henrious
1071 3303 1179 3382 Biset‚

237 3406 296 3488 qui
325 3406 460 3471 viderat
496 3413 715 3470 transeuntes
750 3405 946 3487 praemissos
982 3404 1024 3468 de
1052 3404 1181 3469 familia

236 3505 383 3584 comitis,
398 3506 546 3570 admisso
561 3506 711 3569 subdens
725 3506 926 3569 creberrime
950 3506 1064 3571 calcar
1081 3525 1181 3588 equo,

193 3639 226 3684 30
236 3607 333 3671 venit
367 3607 488 3671 obvius
525 3605 752 3684 cancellario,
787 3606 889 3670 fidem
924 3606 1054 3670 iaciens
1090 3607 1181 3689 quod

236 3725 351 3771 comes
381 3709 425 3772 ab
454 3709 625 3773 antediem
662 3714 815 3770 armatus
851 3708 940 3770 ierat
967 3707 1183 3770 Londoniam

237 3828 380 3891 eapere;
404 3817 440 3873 et
463 3811 539 3892 quis
562 3816 653 3874 esset
677 3828 718 3872 eo
744 3808 798 3871 die
824 3807 884 3888 qui
907 3826 978 3870 non
1001 3816 1040 3870 ut
1066 3806 1183 3870 Evan-

237 3909 365 3992 gelium
395 3912 568 3992 acciperet
596 3909 756 3992 quicquid
792 3907 851 3971 ille
885 3907 1022 3971 mentiri
1049 3908 1184 3971 nescius

237 4010 391 4074 diceretl
443 4011 511 4074 Sed
529 4011 693 4075 mentitus
713 4014 863 4085 nonest,
881 4008 963 4089 quia
976 4027 1096 4072 verum
1110 4025 1186 4076 esse¹

273 4248 293 4280 ¹⁴
305 4250 529 4313 parmaneant]
547 4247 701 4310 Lodbridge‚
727 4261 785 4306 may
803 4246 835 4294 be
857 4257 917 4292 seen
939 4242 966 4290 iu
982 4241 1043 4289 Vita
1060 4240 1189 4302 (leufridi,

237 4323 351 4371 between
369 4321 489 4369 Windsor
506 4321 556 4368 and
576 4320 700 4380 Reading.
728 4316 846 4375 Archiep.
866 4314 942 4362 Ebor.
965 4312 992 4361 ii.
1011 4315 1035 4373 6,
1058 4325 1100 4372 ap.
1112 4312 1189 4374 nngl.

238 4395 263 4442 A
274 4394 350 4442 fuller
361 4396 468 4442 account
482 4389 511 4440 ol
525 4391 575 4440 this
593 4389 702 4450 meeting
728 4387 797 4436 Sacr.
810 4385 837 4433 ii.
850 4387 907 4432 394.
