3208 5036
422 469 469 514 un
494 467 609 516 annus
633 467 755 516 onsrrs
779 467 931 516 aroannr
955 468 1073 518 rnrnr.
1178 453 1222 517 63

272 617 414 690 ciendis.
466 625 650 710 Nusquam
672 626 763 691 enim
785 628 849 691 sub
869 628 958 693 66616
980 628 1023 691 de
1042 635 1114 692 tam
1127 627 1383 693 faciliannron.

271 735 327 792 tot
350 745 506 792 rumores
526 728 605 792 falsi
627 727 851 806 fabricantur,
876 735 916 792 ut
941 729 1010 808 ibi;
1036 729 1135 807 alias,
1159 750 1220 812 per

274 829 390 893 omnia
411 836 493 893 sunt
517 848 668 894 veraces,
722 829 838 893 Multa
864 828 1025 894 haberem
1048 830 1160 894 adhuc
1185 839 1220 896 et

274 929 317 994 de
331 929 416 993 meis
433 931 582 1012 negotiis
602 930 665 993 tibi
684 929 808 1007 dicere,
825 930 884 993 sed
907 951 953 994 ne
974 929 1062 994 forte
1077 951 1146 996 non
1161 951 1219 995 ca-

244 1031 361 1114 spias,
377 1031 433 1095 vel
457 1029 683 1107 obliviscaris,
698 1021 854 1095 literulas
873 1031 936 1094 has
950 1031 1128 1095 familiaris
1152 1033 1220 1096 mei

274 1131 297 1196 J
299 1130 391 1194 ndaei
404 1132 563 1194 manibus
577 1132 720 1208 inseres,
736 1133 838 1196 credo
854 1133 937 1214 quia
956 1139 991 1196 et
1006 1133 1051 1196 ab
1073 1132 1132 1196 illo
1155 1133 1217 1196 ali-

274 1231 413 1314 quando
437 1232 731 1314 remuneraberis!
774 1232 910 1316 Scripta
924 1234 1038 1297 brevis
1052 1240 1127 1296 erat
1143 1232 1219 1297 He·

273 1333 401 1396 braica.
454 1332 599 1397 Judaeus
621 1341 855 1416 peroraverat,
870 1340 904 1397 61
923 1353 1009 1416 puer
1029 1335 1145 1398 omnia
1165 1335 1242 1397 in·-

273 1440 483 1515 terpretatus
497 1434 534 1497 in
548 1435 676 1498 bonum
689 1435 848 1516 pervenit
859 1435 1085 1500 Wintoniam.

227 1547 261 1593 ro
326 1533 412 1618 §83.
436 1533 568 1598 Subula
590 1535 657 1599 sibi
679 1535 768 1598 sicut
782 1543 817 1600 et
832 1536 942 1599 sodali
966 1555 1029 1599 suo
1051 1534 1220 1600 satisfecit

275 1634 320 1698 ad
333 1635 475 1713 victum,
495 1642 532 1699 et
553 1636 642 1700 male
663 1643 765 1718 parta
779 1656 841 1718 per
854 1636 972 1700 literas
989 1635 1012 1700 J
1015 1635 1105 1700 udaei
1124 1651 1221 1699 saeva

274 1736 429 1799 suavitas
444 1735 600 1800 etblaesa
621 1736 817 1818 benignitas
840 1737 883 1805 ad
906 1737 1079 1800 solatium.
1132 1736 1218 1800 Ubi-

258 1899 260 1906 ,
274 1856 420 1919 cumque
428 1837 548 1902 diebus
559 1837 758 1920 pauperculi
770 1844 995 1920 operarentur
1006 1839 1050 1900 ab
1059 1836 1218 1914 invicem,

274 1937 331 2001 vel
354 1938 584 2015 comederent,
614 1938 760 2020 singulis
783 1938 942 2002 noctibus
966 1937 1003 2000 in
1025 1957 1095 2000 uno
1116 1937 1219 2000 unius

228 2051 259 2096 15
273 2038 400 2102 vetulae
413 2038 523 2103 veteri
536 2039 675 2121 tugurio
697 2039 734 2102 in
756 2057 827 2102 nno
844 2037 972 2102 lectulo
985 2037 1217 2119 quiescebant.

274 2137 359 2202 Dies
395 2139 584 2204 succedunt
621 2139 752 2216 diebus,
784 2158 918 2204 menses
952 2138 1146 2218 mensibus;
1184 2145 1220 2202 et

273 2237 470 2323 hujusmodi
489 2241 586 2323 pueri
608 2241 730 2318 nostri,
755 2260 857 2323 quem
881 2247 954 2304 tam
980 2239 1113 2302 curiose
1135 2238 1218 2301 huc-

273 2359 382 2422 usque
412 2341 621 2420 diduximus,
650 2340 771 2404 adesse
807 2361 870 2422 per
908 2341 1027 2404 abesse
1054 2338 1219 2403 festinant

272 2446 440 2523 tempora.
484 2440 604 2506 Crucis
619 2441 773 2505 adoratae
787 2441 861 2505 dies
875 2440 1075 2517 advenerat,
1087 2447 1122 2503 et
1135 2434 1221 2522 puer

226 2561 260 2607 ro
271 2540 347 2622 ipso
363 2542 418 2605 die
432 2542 524 2623 apud
540 2542 703 2606 Judaeum
717 2551 820 2605 suum
832 2561 992 2624 operans,
1004 2535 1220 2624 quocumque

271 2641 373 2705 modo
382 2642 425 2705 de
434 2643 677 2720 mediolactuS,
689 2662 759 2706 non
769 2643 972 2725 comparuit.
998 2641 1084 2705 Erat
1093 2642 1221 2724 quippe

271 2743 466 2824 proximum
481 2743 622 2826 pascha,
637 2743 711 2806 dies
724 2742 833 2806 festus
844 2743 867 2806 J
871 2743 1059 2806 udaeorum.
1099 2741 1220 2805 Socius

271 2841 363 2906 illius
382 2861 525 2926 vespere
549 2839 628 2908 non
645 2845 849 2908 revertentis
872 2844 916 2907 ad
942 2842 1136 2906 cubiculum
1156 2843 1220 2904 mi-

272 2950 368 3007 ratus
395 2945 599 3022 absentiam,
631 2945 790 3026 plurimis
828 2945 906 3026 ipsa
935 2950 1038 3008 nocte
1073 2949 1221 3007 terretur

227 3059 259 3106 66
271 3043 460 3108 insomniis
513 3043 707 3124 Quaesitum
722 3045 842 3108 diebus
860 3044 994 3126 aliquot
1015 3062 1079 3126 per
1102 3061 1221 3107 omnes

272 3145 366 3208 urbis
390 3145 537 3227 angulos
560 3165 638 3210 cum
660 3166 730 3210 non
754 3146 955 3221 invenisset,
979 3137 1141 3208 convenit
1153 3137 1220 3207 'Ju-

272 3245 384 3309 dacum
399 3234 610 3329 simpliciter,
627 3247 657 3310 si
672 3266 772 3310 suum
787 3264 961 3328 quoquam
981 3245 1134 3308 misisset
1156 3263 1220 3308 nu-

272 3346 427 3427 tritium3
448 3367 554 3428 quem
575 3367 653 3411 cnm
679 3353 806 3430 praeter
830 3346 969 3410 solitum
997 3345 1048 3408 de
1063 3351 1136 3409 tam
1161 3345 1221 3408 be-

271 3447 378 3528 nigno
400 3447 509 3529 pridie
529 3447 749 3512 vehementer
768 3446 933 3511 sensisset
957 3446 1129 3524 acerbum,
1144 3465 1221 3510 ver-

227 3559 259 3609 16
271 3547 393 3610 borum
409 3556 444 3612 et
457 3549 575 3613 vultus
594 3549 759 3614 varietate
774 3535 909 3626 notata,
922 3547 1103 3611 incanduit
1116 3547 1221 3624 illico,

271 3654 317 3724 et,
344 3655 384 3712 ut
407 3655 483 3712 erat
498 3649 593 3713 vocis
618 3656 730 3713 acutae
758 3657 794 3714 61
815 3649 981 3712 mirabilis
1004 3648 1223 3730 eloquentiae,

270 3748 389 3812 statim
403 3751 561 3832 prorupit
584 3751 621 3813 in
639 3750 769 3835 jurgia,
785 3751 921 3831 magnis
939 3769 1017 3813 eum
1041 3748 1082 3811 de
1107 3748 1222 3811 subla-

303 4021 322 4055 11
345 4026 385 4074 De
411 4026 488 4076 medio
508 4024 614 4089 sartor]
648 4027 730 4088 Many
756 4026 871 4088 secuting
882 4025 933 4074 and
944 4023 1096 4086 plundering
1107 4022 1162 4072 that
1180 4037 1224 4072 na-

267 4097 339 4146 Jevvs
356 4111 423 4146 were
446 4097 523 4145 about
538 4097 588 4145 this
606 4097 666 4146 time
689 4112 730 4146 ac·
756 4096 817 4145 tion.
854 4097 901 4145 See
919 4095 1019 4144 Mabill.
1038 4093 1105 4142 Ann.
1127 4094 1223 4143 Bened.

268 4167 347 4216 cused
366 4167 395 4215 of
406 4167 502 4216 similar
517 4168 616 4227 crimes,
626 4168 677 4216 and
688 4168 730 4216 the
757 4165 854 4216 lxxviii.
876 4170 917 4226 99,
935 4165 1003 4214 Α616
1024 4164 1137 4214 Sanctor.
1156 4165 1223 4214 Mar.

267 4238 354 4288 odium
372 4237 431 4286 thus
453 4237 570 4286 incurred
587 4237 699 4288 afforded
716 4253 732 4286 a
757 4237 794 4286 iii.
806 4241 864 4301 588,
875 4241 932 4286 591.

268 4308 415 4357 convenient
436 4308 598 4369 opportunity
620 4307 732 4370 161661-
