3208 5036
395 479 440 544 62
656 496 842 544 nrcnnnns
867 495 1082 545 n1vrs1nnsrs

227 671 378 723 auum
392 673 473 718 suos
512 654 666 733 clericos,
700 656 772 720 non
806 656 883 720 dico
912 655 1030 734 satiat,
1063 653 1124 720 sed
1156 662 1341 722 sustentat.

229 789 314 838 Exerer,

392 755 530 819 Exonia
554 756 674 821 codem
704 756 795 821 farre
823 756 934 821 reficit
961 756 1116 821 homines
1144 764 1180 821 et
1202 757 1340 842 jumen-

248 894 293 933 ι,
391 863 440 920 ta.
488 856 674 934 Bathonia,
704 858 740 921 in
769 859 846 922 imis
869 857 1011 922 vallium
1035 859 1071 921 in
1097 876 1214 923 crasso
1239 859 1339 922 nimis

392 975 471 1021 aere
499 965 534 1022 et
561 977 691 1040 vapore
715 958 901 1041 sulphureo
926 959 1052 1041 posita,
1077 959 1147 1023 imo
1172 959 1340 1041 deposita,

392 1065 446 1122 ast
469 1058 513 1122 ad
537 1065 655 1141 portas
678 1058 790 1124 inferi.
842 1058 911 1123 Sed
934 1059 1055 1123 necin
1076 1061 1203 1124 arctois
1225 1060 1339 1124 sedem
1368 1073 1383 1116 ⁵

255 1189 352 1230 amur,
392 1158 455 1223 tibi
485 1158 611 1242 legeris
638 1161 791 1238 urbibus,
818 1160 1014 1242 Wigornia,
1046 1159 1194 1237 cestria,
1226 1159 1339 1225 Hero·

391 1258 515 1338 sordia,
540 1267 681 1343 proptor
702 1260 886 1325 Walenses
910 1261 992 1325 vitae
1018 1260 1194 1343 prodigos.
1246 1262 1340 1325 Ebo-

251 1342 274 1370 ⁰¹
290 1360 296 1380 ’
392 1380 511 1425 raoum
526 1359 654 1425 Scottis
668 1361 834 1438 abundat,
848 1361 951 1426 foedis
968 1367 1003 1424 et
1016 1361 1131 1425 infidis
1145 1361 1339 1427 hominibus

269 1508 275 1528 .
392 1461 453 1526 vel
462 1460 758 1526 homuncionibus.
804 1462 953 1526 Eliensis
966 1481 1078 1545 pagus
1094 1469 1260 1545 perpetuo
1275 1483 1340 1545 pu-

250 1585 303 1614 ura
392 1562 485 1626 tidus
499 1568 553 1625 est
566 1581 629 1644 pro
645 1561 860 1626 circumfusis
870 1563 1065 1646 paludibus.
1101 1563 1384 1641 lnDune1m0,1o

255 1729 294 1758 mo
318 1747 324 1767 ⁹
393 1661 609 1739 Northwico,
629 1663 703 1728 sive
723 1663 917 1741 Lincolnia,
940 1683 1132 1747 perpaucos
1154 1665 1197 1728 da
1217 1671 1339 1747 poten-

392 1762 484 1826 tibus
508 1763 552 1826 de
579 1770 642 1827 tua
666 1761 874 1843 conditione,
902 1765 1035 1829 nullum
1058 1765 1197 1847 penims
1221 1765 1340 1829 audies

393 1861 552 1927 Romane
564 1862 772 1947 loquentem.
824 1863 929 1948 Apud
945 1865 1149 1930 Bristollum
1169 1885 1270 1930 nemo
1286 1873 1340 1931 est

392 1964 452 2046 qui
466 1984 536 2028 non
558 1966 604 2029 sit
616 1965 673 2029 vel
686 1965 791 2030 fuerit
809 1967 1026 2049 saponarius,
1042 1973 1078 2030 et
1101 1967 1212 2031 omnis
1228 1967 1338 2030 Fran-

391 2083 452 2128 cus
467 2066 669 2147 saponarios
684 2075 778 2131 amat
790 2073 831 2130 ut
842 2067 1077 2131 stercorarius.
1123 2066 1211 2131 Post
1224 2069 1338 2145 urbes,
1351 2084 1382 2130 ιθ

391 2184 492 2230 omne
520 2165 643 2244 forum,
666 2166 762 2245 villa,
786 2167 842 2231 vel
870 2167 1046 2250 oppidum,
1072 2168 1204 2231 incolas
1234 2168 1339 2233 habet

391 2266 493 2330 rudes
504 2274 540 2330 et
552 2267 711 2331 anticos.
763 2267 868 2331 Omni
881 2268 1022 2350 insuper
1035 2274 1189 2351 tempore
1204 2289 1267 2351 pro
1283 2276 1336 2333 ta·

257 2391 302 2420 mw
390 2365 480 2430 libus
511 2365 764 2431 Gomubienses
802 2367 941 2446 habeto,
968 2369 1088 2451 quales
1123 2369 1160 2433 in
1189 2368 1338 2434 Francia

390 2469 483 2534 nosti
523 2475 660 2536 nostros
699 2468 930 2534 Flandrenses
967 2468 1096 2534 baberi.
1174 2467 1336 2534 Ceterum

387 2569 483 2648 regio
506 2568 583 2650 ipsa
606 2569 813 2650 generaliter
827 2571 864 2634 in
878 2589 954 2636 rore
974 2569 1056 2634 coeli
1078 2577 1114 2634 et
1135 2569 1171 2633 in
1191 2571 1335 2654 pingue·
1349 2585 1382 2634 ao

388 2667 468 2731 dine
483 2675 584 2732 terrae
599 2675 674 2733 tota
686 2670 886 2734 beatissima
907 2678 980 2750 est3
1004 2670 1041 2734 in
1063 2671 1209 2753 singulis
1232 2673 1337 2736 etiam

387 2767 472 2832 locis
487 2769 594 2851 aliqui
608 2770 691 2833 boni
703 2778 796 2848 sunt,
811 2779 866 2835 set
879 2771 988 2835 multo
1002 2771 1115 2835 minus
1128 2772 1165 2835 in
1178 2773 1337 2837 omnibus

350 2905 361 2934 ι
388 2888 491 2951 qnam
505 2870 542 2934 in
555 2889 627 2934 una
637 2870 829 2935 Wintonia.

440 2969 457 3053 §
473 2969 527 3034 82.
544 2968 657 3035 ‘Haec
669 2971 769 3036 estin
780 2971 936 3053 partibus
951 2970 1019 3034 illis
1034 2969 1237 3036 Jndaeorum
1249 2971 1336 3036 Hie·

387 3070 573 3154 rosolyma,
581 3072 619 3135 in
635 3071 698 3135 bac
712 3071 788 3135 sola
800 3077 968 3155 perpetua
982 3090 1068 3153 pace
1080 3070 1253 3150 fruuntur,
1263 3072 1337 3137 haec
1349 3091 1381 3136 aa

388 3177 442 3234 est
456 3171 576 3236 schola
587 3173 674 3236 bene
688 3173 806 3237 vivere
829 3179 865 3237 et
880 3172 997 3236 valere
1012 3171 1213 3243 volentium.
1266 3173 1337 3237 Hic

388 3270 478 3336 fiunt
491 3273 658 3350 homineS,
678 3273 733 3338 hic
757 3274 843 3338 satis
860 3280 915 3337 est
935 3273 1036 3355 panis
1056 3274 1178 3337 etvini
1200 3294 1263 3356 pro
1283 3274 1336 3337 ni-

389 3371 472 3437 hilo.
523 3374 614 3439 Sunt
626 3374 663 3437 in
676 3394 718 3438 ea
733 3381 842 3438 tantae
865 3373 1024 3437 monachi
1045 3374 1286 3438 misericordiae
1302 3382 1337 3439 et

389 3475 674 3552 mansuetudinis,
694 3475 806 3538 clerus
827 3474 962 3538 consilii
981 3481 1017 3538 et
1040 3473 1221 3552 libertatis,
1244 3475 1337 3538 cives

389 3572 566 3638 civilitatis
582 3584 617 3638 et
639 3575 730 3651 fidei,
745 3573 881 3638 feminae
894 3573 1158 3657 pulchritudinis
1181 3582 1216 3639 et
1237 3576 1336 3658 pudi-
1350 3597 1381 3644 ao

388 3672 491 3750 citiae,
503 3673 595 3755 quod
609 3693 731 3757 parum
745 3693 800 3738 me
814 3675 940 3738 retinet
951 3675 1034 3756 quin
1043 3693 1108 3756 ego
1117 3675 1241 3739 vadam
1255 3677 1337 3740 illuc

389 3791 468 3836 cnm
497 3773 624 3837 talibus
654 3772 859 3838 Christianis
895 3774 969 3838 fieri
1000 3773 1228 3840 Christianus
1279 3775 1337 3841 Ad

388 3873 490 3936 istam
506 3881 542 3937 te
557 3874 669 3956 dirigo
691 3875 878 3952 civitatem,
893 3876 1012 3938 urbem
1031 3877 1179 3954 urbium,
1192 3883 1337 3941 matrem

388 3973 552 4051 omnium,
568 3982 604 4038 et
617 3976 776 4040 omnibus
788 3976 974 4040 meliorem.
1014 3976 1132 4040 Unum
1147 3985 1200 4042 cst
1213 3978 1336 4042 vitium

389 4081 424 4137 ct
436 4073 521 4137 illud
536 4074 659 4152 solum,
675 4075 730 4138 cui
740 4075 783 4139 de
797 4077 1044 4140 consuetudine
1055 4078 1156 4141 nimis
1168 4078 1335 4160 indulget.
1350 4099 1381 4144 aa

388 4172 495 4238 Salva
522 4194 607 4257 pace
636 4176 852 4240 literatorum
879 4177 1027 4242 dixerim
1059 4185 1095 4242 θῖ
1120 4178 1335 4256 ludaeorum,

386 4273 554 4339 chtani
575 4276 789 4340 mentiuntur
803 4284 844 4340 ut
858 4277 993 4358 vigiles,
1010 4277 1121 4342 sedin
1139 4277 1266 4342 fabulis
1283 4279 1334 4342 sa·
