3208 5036
399 485 446 530 DE
472 485 588 533 REBUS
611 485 733 533 GESTIS
758 486 910 534 monam
935 488 1051 536 PRlMl.
1153 473 1198 538 35

245 643 355 727 prImo
370 663 452 707 mox
467 644 522 708 die
542 643 586 708 ad
601 644 748 726 primum
774 645 955 727 prandium
972 667 1017 710 ex
1033 647 1194 730 anguillis
1206 655 1357 710 A.D.1191.

245 745 438 809 recentibus
459 745 592 810 avidius
616 745 690 808 sine
713 746 795 811 vino
819 766 923 828 quam
946 748 1135 830 expediret,
1158 757 1195 814 et

246 846 392 928 amplius
415 846 630 922 insumendo,
654 847 774 911 incidit
799 847 836 910 in
861 847 1075 930 languorem,
1091 870 1193 933 quem

244 947 378 1038 peperit
403 948 499 1011 cibus
523 947 715 1028 indigestus
740 955 775 1012 et
801 947 937 1012 haerens
962 949 1098 1014 ardenti
1120 958 1193 1015 sto·
1237 977 1239 982 ¹

216 1047 377 1112 amacha.
430 1047 477 1112 Et
499 1068 542 1112 ne
570 1049 753 1113 voracitati
779 1049 928 1131 languor
953 1051 1192 1129 ascriberetur,

215 1141 218 1147 ’
245 1148 431 1213 monachos
446 1148 513 1212 loci
528 1149 571 1212 de
585 1149 667 1214 dato
681 1149 746 1212 sibi
762 1150 879 1214 toxico
895 1150 976 1214 fecit
988 1151 1159 1215 infamari.

296 1250 314 1333 ξ
327 1249 381 1314 46.
398 1248 587 1313 Gaufridus
604 1250 879 1332 archiepiscopus
893 1251 1132 1330 Eboracensis,
1148 1252 1190 1317 de
1203 1269 1305 1320 Geoffren

245 1369 415 1414 consensu
429 1350 453 1414 J
456 1350 601 1415 ohannis
616 1351 750 1415 comitis
766 1346 882 1416 fratris
898 1351 952 1415 sui
966 1372 1189 1434 praesumens,
1202 1322 1356 1418 iill¹⁸leile⁰i

244 1459 368 1533 parato
393 1453 534 1533 navigio
557 1471 635 1530 suo,
660 1452 816 1516 Dorram
838 1452 990 1535 appulit;
1015 1454 1074 1536 qui
1107 1474 1190 1518 mox
1201 1423 1274 1514 llnll?
1283 1424 1352 1463 Μ’

198 1569 231 1614 ro
245 1558 345 1616 terrae
373 1553 527 1616 redditus
554 1553 664 1635 primo
687 1553 787 1635 petiit
816 1561 976 1618 oraturus
999 1555 1189 1620 ecclesiam.

245 1653 309 1717 Est
317 1654 364 1717 ibi
375 1655 547 1735 prioratus
556 1652 802 1717 monachorum
815 1654 858 1718 de
872 1654 1085 1738 professione
1097 1653 1189 1721 Can·

244 1756 445 1832 tuariorum,
479 1774 624 1838 quorum
660 1755 847 1820 oratorium
878 1755 1018 1819 missam
1052 1757 1188 1821 auditu-

244 1875 302 1936 rus
318 1876 394 1919 cum
410 1856 541 1920 clericis
561 1856 632 1919 suis
647 1855 822 1938 ingressus
838 1863 902 1934 est,
919 1864 954 1921 et
968 1855 1099 1922 familia
1114 1858 1189 1941 ejus

244 1956 335 2020 circa
363 1956 631 2020 exsarcin'andas
658 1975 765 2021 naves
792 1964 868 2020 erat
895 1957 1040 2021 intenta.
1107 1957 1189 2021 Jam

198 2072 229 2117 15
244 2064 319 2121 tota
340 2058 520 2141 suppellex
542 2065 670 2122 terram
683 2057 807 2134 tenuit,
821 2077 899 2120 cum
920 2059 1033 2121 subito
1049 2065 1187 2122 consta-

243 2158 396 2222 bularius
421 2159 554 2223 castelli
579 2157 741 2241 quicquid
764 2158 951 2240 putabatur
974 2177 1049 2222 esse
1077 2158 1188 2222 archi-

244 2260 394 2343 episcopi
414 2260 504 2323 trahi
523 2259 605 2324 lecit
627 2259 664 2322 in
685 2258 859 2341 oppidum,
876 2259 953 2341 plus
967 2258 1005 2322 in
1025 2259 1188 2324 mandato

242 2359 371 2424 domini
392 2361 447 2424 sui
466 2359 672 2424 Cancellarii
693 2360 902 2441 intelligens
920 2379 1023 2441 quam
1045 2360 1187 2423 manda-

242 2469 351 2525 verat.
397 2461 548 2540 Quidam
560 2462 663 2525 etiam
674 2459 833 2537 militum,
844 2460 968 2524 armati
984 2461 1047 2523 sub
1061 2461 1187 2524 tunicis

196 2581 229 2626 ao
242 2569 278 2625 et
305 2563 414 2644 spatis
439 2563 595 2639 accincti,
617 2569 787 2625 venerunt
808 2561 845 2624 in
867 2561 1124 2639 monasterium,
1148 2569 1187 2626 ut

241 2663 568 2746 comprehenderent
588 2661 806 2746 pontificem
830 2681 916 2744 quos
930 2670 970 2725 ut
985 2662 1083 2740 vidit,
1097 2681 1185 2744 prae·

242 2765 383 2846 cognita
392 2764 572 2829 voluntate
583 2783 712 2840 eorum,
722 2763 855 2845 accepit
866 2782 1001 2826 crucem
1016 2762 1053 2825 in
1064 2782 1186 2826 manus

242 2884 335 2944 suaS,
361 2865 523 2949 priorque
547 2883 606 2929 eos
635 2864 813 2946 alloquens
841 2871 876 2928 et
898 2881 1021 2926 manus
1044 2862 1080 2925 in
1104 2883 1185 2927 suos

243 2968 444 3045 extendens
467 2967 529 3043 ait,
551 2965 652 3048 ‘Ego
670 2984 746 3028 sum
769 2963 1056 3046 archiepiscopus,
1080 2963 1109 3026 si
1131 2984 1186 3027 me

196 3083 228 3129 2⁵
242 3069 408 3149 quaeritis
431 3069 533 3132 sinite
555 3067 618 3131 hos
641 3065 757 3129 abire!
809 3064 856 3128 Et
878 3065 1015 3140 militae,
1034 3063 1186 3128 ‘Utrum

242 3169 541 3252 archiepiscopus,'
564 3168 738 3250 inquiunt,
760 3166 842 3242 ‘sis,
866 3185 930 3228 nec
953 3185 1008 3241 ne,
1030 3163 1115 3227 nihil
1142 3165 1186 3228 ad

243 3289 326 3350 nos;
364 3290 470 3333 unum
498 3268 637 3344 scimuS,
676 3266 837 3348 quoniam
865 3273 904 3328 tu
931 3284 968 3328 es
997 3263 1185 3328 Gaufridus

242 3370 332 3434 filius
366 3371 512 3435 Henrici
546 3369 650 3452 regis,
677 3387 779 3449 quem
816 3366 936 3448 genuit
972 3384 1186 3448 quocumque

243 3471 354 3549 thoro,
387 3472 446 3555 qui
470 3491 586 3535 coram
610 3489 701 3551 rege,
726 3455 825 3552 cujus
852 3474 886 3530 te
914 3466 1055 3530 fratrem
1088 3465 1185 3544 facis,

197 3589 229 3634 ao
243 3570 408 3656 Angliam
418 3572 586 3656 abjurasti
599 3569 747 3635 triennio
761 3590 773 3649 ;·
786 3570 815 3632 si
831 3568 921 3632 sicut
931 3567 1077 3632 traditor
1087 3569 1186 3649 regni
1253 3625 1254 3630 ,

242 3674 279 3737 in
307 3693 451 3756 regnum
479 3694 549 3738 non
577 3671 724 3748 veneris,
752 3671 783 3733 si
812 3671 930 3733 literas
960 3669 1185 3733 absolutionis

244 3775 413 3852 attuleris,
429 3781 490 3838 aut
514 3773 580 3850 dic,
596 3779 658 3835 aut
676 3771 792 3854 accipe
811 3770 963 3835 calcem?
1015 3768 1115 3832 Tunc
1131 3788 1186 3832 ar·

243 3875 492 3957 chiepiscopuS,
512 3872 722 3949 ‘Traditor,'
744 3872 868 3954 inquit,
894 3875 985 3932 ‘non
1012 3887 1100 3946 sum,
1124 3889 1187 3932 nec

243 3975 361 4040 literas
376 3977 509 4058 aliquas
520 3974 618 4038 vobis
633 3971 835 4036 ostendam!
881 3969 1081 4053 Injecerunt
1094 3968 1186 4032 illico

198 4095 360 4142 securam
382 4077 458 4158 ipso
483 4075 585 4140 altari
609 4092 731 4137 manus
757 4072 795 4136 in
821 4091 910 4148 eum,
927 4077 961 4134 et
983 4069 1129 4133 invitum
1146 4088 1187 4132 ac

244 4178 459 4254 renitentem,
475 4197 545 4240 non
559 4180 820 4256 repugnantem,
836 4172 1004 4236 violenter
1026 4177 1188 4234 extraxe-

246 4287 325 4363 runt
352 4278 394 4341 de
418 4277 582 4357 ecclesia3
606 4276 665 4358 qui
691 4295 773 4338 mox
802 4279 903 4336 extra
930 4271 1034 4334 limen
1056 4271 1189 4353 positus

880 4397 1042 4490 Υ112
