3208 5036
404 443 447 508 20
665 461 850 508 archanus
874 458 1089 506 nrvrsmusrs

244 636 394 686 1111100.
407 617 566 681 obierunt
576 617 612 680 in
623 617 799 681 obsidione
813 618 975 693 civitatis
989 636 1093 699 quam
1106 614 1224 678 Latini
1236 611 1357 691 Acras,

408 717 431 784 J
434 718 525 781 udaei
535 716 695 782 Accaron
709 717 839 795 dicunt,
854 718 935 780 dum
950 717 1061 780 adhuc
1074 733 1175 797 reges
1190 715 1225 778 in
1241 713 1359 778 Sicilia

409 825 635 882 morarentur.

248 951 290 990 ms
299 949 335 990 aa
460 918 546 1002 §22
571 917 743 982 Griffones
757 926 839 982 ante
852 917 942 998 regis
959 916 1101 980 Ricardi
1121 916 1308 980 adventum
1322 915 1358 977 in

248 999 396 1091 ffifflm'
409 1017 561 1082 Siciliam
584 1018 742 1082 omnibus
765 1017 915 1100 regionis
942 1017 1035 1080 illius
1065 1017 1263 1098 potentibus
1286 1015 1357 1078 sor·
1388 1039 1402 1082 s

248 1102 311 1151 Μ’
321 1113 326 1141 ²
409 1119 526 1195 110111,
555 1137 632 1182 cum
661 1125 697 1181 11
730 1117 1013 1182 Ultramontanos
1050 1136 1185 1200 semper
1212 1116 1358 1193 oderint,

409 1219 509 1282 novis
527 1217 602 1301 jam
624 1218 750 1281 irritati
771 1219 907 1282 casibus
923 1216 1073 1298 amplius
1093 1216 1358 1292 incanduerunt,

410 1319 659 1401 universisque,
674 1318 734 1400 qui
754 1338 870 1399 regem
894 1317 1052 1380 Franciae
1073 1317 1249 1380 dominum
1271 1316 1358 1380 fate·

410 1419 548 1495 bantur,
571 1436 657 1500 pace
691 1425 841 1496 servata,
874 1424 950 1482 tota
982 1417 1186 1502 injuriarum
1208 1417 1250 1480 de
1279 1435 1360 1497 rege

411 1516 605 1599 Anglorum
621 1523 656 1581 et
670 1518 826 1581 caudatis
845 1517 917 1581 suis
940 1517 1027 1581 ultio
1049 1517 1234 1601 quaeritur3
1259 1515 1359 1580 Grae·
1373 1533 1404 1580 10

411 1617 480 1682 culi
502 1619 593 1682 enim
616 1624 652 1681 et
674 1617 781 1681 Siculi
800 1637 919 1682 omnes
933 1618 1025 1681 hunc
1036 1637 1154 1700 regem
1175 1623 1360 1699 sequentes

411 1716 547 1799 Anglos
562 1726 597 1784 et
610 1719 776 1783 caudatos
790 1718 1026 1783 nominabant.
1078 1719 1282 1799 Denegatur
1295 1717 1360 1798 igi-

413 1826 470 1882 tur
484 1816 610 1900 Anglis
632 1838 678 1882 ex
692 1818 804 1882 edicto
821 1819 932 1882 omnis
954 1826 1055 1883 terrae
1071 1818 1271 1899 negotiatio,
1294 1836 1361 1880 cae-

410 1918 542 1982 duntur
568 1919 687 1983 diebus
716 1926 752 1983 et
780 1919 938 1983 noctibus
970 1939 1033 2001 per
1060 1917 1300 2001 quadragenos
1327 1923 1362 1980 et

413 2019 688 2101 quinquagenos
715 2019 910 2102 ubicunque
944 2019 1163 2101 reperiuntur
1201 2019 1361 2081 inermes.
1375 2032 1405 2079 15

415 2117 537 2182 Caedes
560 2119 810 2202 multiplicatur
830 2121 867 2184 in
890 2119 975 2196 dies,
991 2139 1101 2203 eoque
1122 2137 1233 2202 usque
1256 2117 1362 2181 medi-

414 2226 525 2283 tatum
548 2227 601 2283 est
621 2220 659 2282 in
687 2220 824 2291 insania
851 2219 1046 2302 procedere,
1072 2218 1181 2282 donec
1209 2218 1364 2298 singulos

414 2327 477 2384 aut
493 2319 688 2397 funderent,
709 2328 772 2384 aut
801 2320 973 2402 fugarent.
1025 2318 1134 2384 Hisce
1161 2318 1365 2383 tumultibus

415 2420 588 2483 excitatus
621 2439 684 2483 1111
713 2418 864 2501 Angliae,
893 2421 947 2483 leo
969 2419 1027 2483 ille
1055 2419 1262 2496 teterrimus,
1284 2418 1364 2482 hor-

416 2518 559 2582 rendum
584 2520 701 2601 rugiit,
724 2521 794 2584 iras
817 2528 916 2584 tanto
941 2526 1079 2602 pectore
1103 2520 1226 2601 dignas
1251 2519 1410 2586 conci-ao

416 2619 526 2700 piens.
576 2618 771 2683 Perterruit
793 2621 868 2704 ejus
897 2620 1121 2684 amicissimos
1149 2618 1245 2684 suror
1269 2619 1365 2682 ,insa-

417 2718 555 2796 nientis,
571 2720 666 2783 curia
680 2721 898 2796 contenitur,
917 2720 1039 2784 sedent
1053 2720 1144 2783 eirca
1162 2720 1286 2785 solium
1304 2739 1366 2784 no·

414 2819 539 2883 minati
553 2819 724 2902 principes
748 2821 932 2898 exercitus,
947 2821 1090 2904 quilibet
1103 2821 1140 2883 in
1155 2820 1273 2884 ordine
1290 2839 1366 2895 suo,

417 2916 574 3002 foretque
601 2919 800 2983 facillimum
827 2920 941 3002 legere
965 2921 1181 3003 praesidentis
1209 2921 1245 2984 in
1268 2919 1367 2984 vultu

419 3019 580 3102 quiequid
600 3021 726 3084 tacitus
748 3026 862 3084 mente
882 3021 1066 3098 tractabat,
1082 3021 1112 3085 si
1134 3021 1211 3103 quis
1233 3021 1270 3083 in
1293 3019 1410 3104 ejusne

418 3118 541 3182 faciem
565 3121 682 3184 oculos
705 3119 847 3185 auderet
868 3121 1037 3185 attollere.
1090 3120 1178 3185 Post
1199 3120 1368 3184 diutinum

419 3237 657 3304 summumque
665 3221 852 3300 silentium,
861 3241 924 3284 rex
935 3221 1154 3302 indignantia
1167 3221 1293 3285 talibus
1308 3238 1370 3284 ora

415 3321 573 3386 resolvit.

471 3421 551 3504 513.
568 3420 620 3484 ‘0
635 3422 702 3486 mei
715 3421 859 3486 milites!
886 3421 916 3485 Ο
928 3423 1026 3503 regni
1040 3422 1107 3485 mei
1121 3422 1246 3485 robora
1261 3427 1297 3484 et
1310 3439 1368 3484 co·

419 3523 523 3584 rona!
556 3540 618 3585 vos
642 3521 736 3584 mille
757 3541 890 3584 mecum
913 3522 1067 3604 pericula
1090 3522 1196 3604 passi,
1215 3539 1290 3597 101,
1310 3519 1370 3603 qui
1383 3541 1415 3586 ao

418 3619 548 3683 viribus
573 3627 625 3684 tot
647 3620 730 3684 mihi
745 3628 913 3703 tyrannos
939 3622 1118 3686 domuistis
1141 3628 1178 3685 et
1201 3621 1371 3697 civitates,

453 3807 473 3844 ¹²
490 3811 632 3875 Caeretes]
644 3812 669 3860 It
675 3827 754 3861 wasa
765 3811 893 3873 standing
906 3812 949 3860 the
966 3827 1023 3862 men
1039 3813 1068 3862 of
1081 3811 1158 3864 Kent.
1194 3813 1242 3862 See
1262 3812 1373 3875 Fordun,

413 3883 466 3944 jest
476 3882 576 3944 against
591 3881 634 3930 the
646 3881 761 3944 English,
773 3896 836 3930 even
852 3897 881 3930 as
906 3882 943 3931 iii.
956 3887 995 3932 33.

417 3953 467 4000 late
484 3966 513 4000 as
529 3951 571 3999 the
586 3952 659 4014 reign
669 3951 699 4000 ot*
711 3952 823 4000 Edward
838 3951 881 4000 the
941 3949 962 3982 ³⁰
993 3953 1041 4002 Vos
1067 3952 1133 4001 mide
1154 3966 1246 4001 nucum
1264 3953 1373 4016 periculo

416 4021 505 4083 Third,
515 4027 541 4069 10
555 4035 646 4070 accuse
662 4021 730 4070 thern
746 4021 775 4070 of
787 4021 881 4084 having
903 4022 991 4086 peasa]
1004 4023 1035 4070 In
1046 4023 1088 4072 the
1100 4020 1251 4084 Cambridge
1263 4023 1319 4072 MS.
1330 4022 1373 4071 the

416 4093 488 4152 tails;
500 4091 584 4141 which
594 4092 716 4153 probably
727 4091 778 4140 had
789 4093 821 4141 its
833 4093 881 4140 ori-
905 4093 989 4142 words
1005 4093 1048 4142 ‘in
1063 4093 1219 4155 Aquitania,'
1230 4107 1273 4142 are
1290 4092 1373 4142 added

417 4163 460 4222 gin
479 4162 505 4210 in
521 4161 563 4210 the
579 4162 670 4223 legend
681 4162 765 4210 where
777 4163 880 4224 Augus·
905 4177 934 4211 as
945 4178 961 4211 a
973 4163 1049 4225 gloss.

416 4232 467 4279 tine
474 4231 496 4280 is
503 4231 634 4280 described
643 4232 737 4281 asthus
744 4232 880 4294 punishing
