3208 5036
403 485 446 549 72
667 497 853 546 molanus
877 497 1092 547 mmsmnss

240 653 390 721 aalma.
404 661 564 742 insignia.
617 660 752 725 Dubius
775 659 954 722 serebatur
976 659 1067 724 inter
1091 677 1154 724 nos
1176 679 1288 724 sermo
1311 655 1353 726 de

405 762 553 839 homine,
578 768 693 825 utrum
716 759 825 824 solam
848 760 926 825 Deo
948 779 1011 824 suo
1033 760 1178 826 Terram
1200 761 1353 826 Promis-

405 863 524 940 sionis,
548 881 593 925 an
621 861 723 925 simul
750 861 817 925 sibi
844 868 955 925 totum
979 861 1143 925 mundum
1167 861 1354 946 subjugare

404 970 554 1047 pararet.
607 963 663 1028 De
679 962 839 1045 captione
859 960 966 1045 Cypri
985 961 1062 1044 quis
1084 963 1189 1044 digna
1205 962 1352 1028 rel'eretl

407 1063 521 1142 Certe,
537 1063 567 1127 si
580 1063 694 1128 insula
708 1062 815 1147 Cypri
830 1062 986 1145 AEgypto
1004 1063 1140 1146 penitus
1161 1071 1252 1127 esset
1271 1083 1353 1128 con·
1384 1082 1399 1125 5

406 1166 565 1242 termina,
583 1172 618 1228 ct
637 1164 744 1228 frater
766 1181 862 1226 meus
884 1162 1113 1226 Salahadinus
1135 1163 1356 1248 subjugasset

408 1285 484 1338 eam
511 1265 601 1331 infra
626 1265 839 1341 decennium,
862 1284 986 1327 nomen
1009 1264 1085 1349 ejus
1107 1264 1198 1329 inter
1217 1267 1356 1329 nomina

407 1366 586 1430 numinum
621 1372 858 1429 numeraretur
892 1364 929 1427 in
965 1365 1135 1446 gentibue.
1195 1364 1252 1428 Ex
1287 1385 1356 1448 quo

408 1476 523 1533 autem
546 1466 679 1550 jamin
700 1465 823 1529 ultimo
843 1466 1058 1547 propositum
1079 1466 1237 1530 novimus
1260 1466 1356 1548 quic-

409 1567 491 1650 quid
510 1566 575 1630 sibi
588 1565 770 1629 resistebat
791 1565 945 1643 obruere,
969 1565 1156 1648 liquefacta
1177 1573 1258 1630 sunt
1281 1587 1356 1631 cor·
1369 1581 1402 1628 lo

410 1667 455 1730 da
483 1673 614 1742 nostra,
647 1665 737 1729 sicut
763 1665 878 1728 album
913 1666 993 1749 gelu
1026 1666 1187 1749 liquescit
1214 1667 1259 1732 ad
1295 1687 1356 1750 ap·

409 1765 673 1850 propinquantis
689 1766 771 1830 solis
789 1772 977 1850 aspectum.
1029 1767 1219 1833 Dicebatur
1231 1769 1358 1852 quippe

411 1867 453 1930 de
486 1887 539 1944 eo,
569 1865 661 1948 quod
695 1873 731 1930 et
761 1866 878 1931 hostes
907 1886 988 1931 suos
1019 1870 1118 1933 vivos
1154 1869 1356 1934 comederet.

412 1965 516 2045 Quod
544 1965 574 2028 si
600 1985 683 2029 mox
713 1967 790 2050 ipsa
818 1967 987 2032 adventus
1022 1969 1096 2053 ejus
1123 1969 1178 2033 die
1213 1970 1257 2033 ad
1286 1967 1357 2034 Ac-

412 2085 571 2130 caronem
599 2086 669 2129 non
698 2074 751 2131 est
783 2068 922 2151 apertis
938 2069 1030 2135 ultro
1056 2069 1175 2154 januis
1201 2077 1357 2153 receptus
1370 2090 1402 2135 15

410 2167 447 2230 in
477 2166 664 2242 civitatem,
694 2167 789 2230 solus
816 2169 920 2235 timor
940 2177 1023 2235 'erat
1049 2170 1086 2233 in
1113 2189 1229 2235 causa.
1275 2171 1358 2235 Non

411 2266 549 2330 tuendae
583 2261 733 2331 civitatis
767 2287 894 2347 amore,
929 2270 989 2334 sed
1033 2291 1078 2334 ex
1113 2273 1357 2354 promissorum

411 2367 476 2430 sibi
505 2373 752 2433 tormentorum
779 2369 919 2434 horrore
947 2377 982 2435 et
1009 2371 1091 2435 vitae
1120 2372 1358 2454 desperatione

410 2468 615 2550 pugnabant
640 2473 739 2532 tanto
764 2469 897 2536 virilius
920 2477 1051 2553 quanto
1074 2473 1265 2550 vecordiuS,
1294 2473 1358 2537 hoc

409 2568 488 2650 plus
512 2574 622 2631 morte
643 2576 847 2647 metuentes,
873 2570 939 2634 hoc
964 2572 1075 2636 modis
1101 2574 1258 2637 omnibus
1285 2593 1403 2638 mo-ao

409 2667 532 2731 lientes
567 2688 611 2732 ne
640 2659 846 2734 morirentur
876 2671 989 2736 inulti.
1042 2673 1089 2737 Et
1117 2672 1183 2738 hoc
1213 2694 1283 2738 non
1314 2695 1358 2738 ex

410 2767 653 2846 obstinatione,
662 2769 721 2833 sed
736 2789 781 2834 ex
790 2777 918 2835 nostrae
929 2771 1008 2836 fidei
1018 2773 1183 2855 religione
1193 2773 1357 2840 fecerunt.

413 2867 592 2932 Credimus
613 2869 704 2934 enim
723 2869 911 2935 inultorum
932 2874 1070 2937 umbras
1086 2875 1358 2958 errare'semper,

411 2975 447 3032 et
474 2969 584 3033 omnis
609 2969 834 3052 inrequietis
863 2981 1034 3056 expertes.
1087 2974 1220 3058 Ecquid
1242 2979 1358 3040 tamen

410 3068 541 3153 profuit
552 3070 745 3134 infelicibus
758 3074 933 3138 temeritas
948 3082 983 3138 et
995 3074 1161 3140 timiditas
1172 3079 1186 3141 l
1210 3077 1293 3141 victi
1306 3077 1358 3142 vi·
1370 3099 1403 3145 as

411 3169 505 3233 ribus
520 3177 556 3234 et
571 3171 615 3234 ad
630 3171 836 3237 deditionem
851 3175 973 3239 timore
988 3177 1099 3239 coacti
1113 3176 1241 3241 leviore
1254 3197 1357 3261 quam

411 3278 636 3354 speraverant
649 3279 759 3337 morte
774 3274 932 3339 mulctati
954 3284 1035 3341 sunt
1048 3297 1056 3356 ;
1078 3285 1114 3341 et
1132 3277 1255 3355 adhuc,
1271 3278 1357 3361 proh

411 3371 522 3454 pudor
544 3367 723 3455 gentibus!
747 3393 857 3456 usque
880 3375 1135 3441 hodie'umbrae
1164 3398 1281 3442 eorum
1305 3399 1358 3442 er·

412 3473 545 3537 roribus
580 3481 732 3556 aguntur
763 3475 896 3538 inultae.
948 3477 1024 3558 Ego
1054 3477 1136 3560 juro
1170 3479 1268 3543 vobis
1297 3499 1360 3562 per

413 3572 527 3638 Deum
554 3574 754 3652 maximum,
783 3575 946 3656 quoniam
974 3577 1003 3639 si
1033 3585 1217 3660 postquam
1245 3577 1358 3644 Acca·
1371 3605 1402 3650 eo

412 3693 495 3738 rone
510 3674 642 3757 potitus
656 3680 720 3750 est,
736 3674 899 3738 continuo
913 3674 1192 3761 Hierosolymam
1202 3679 1360 3745 duxisset

411 3774 612 3852 exercitum,
630 3760 724 3837 insra
745 3767 837 3838 totos
862 3781 964 3840 terrae
991 3775 1263 3844 Christianorum
1290 3787 1357 3845 ter-

412 3875 522 3942 minos
544 3895 607 3938 nec
621 3893 726 3937 unum
746 3875 929 3957 reperisset
942 3896 986 3940 ex
1001 3879 1142 3958 nostris,
1155 3881 1223 3945 imo
1246 3881 1357 3945 dedis-

412 3995 526 4044 semus
549 3976 580 4040 ei
602 3993 707 4056 gazas
729 3975 999 4055 inaestimabiles,
1022 3985 1149 4043 utnon
1174 3982 1357 4064 progrede-

412 4085 516 4156 retur,
529 4083 569 4142 ut
583 4094 646 4139 nos
661 4094 730 4139 non
742 4085 1003 4159 persequeretur
1016 4078 1172 4144 ulterius
1370 4110 1401 4154 35

594 4299 604 4336 ⁹
624 4302 652 4352 la
663 4301 769 4364 ultima]
786 4303 826 4352 vel
838 4304 928 4366 primo,
940 4305 999 4355 MS.
1014 4308 1080 4356 Coti.
1092 4321 1171 4369 marg.
