<?xml version="1.0" encoding="UTF-8"?>
<!DOCTYPE html PUBLIC "-//W3C//DTD XHTML 1.0 Transitional//EN"
    "http://www.w3.org/TR/xhtml1/DTD/xhtml1-transitional.dtd">
<html xmlns="http://www.w3.org/1999/xhtml" xml:lang="en" lang="en">
 <head>
  <title>
</title>
<meta http-equiv="Content-Type" content="text/html;charset=utf-8" />
  <meta name='ocr-system' content='tesseract 3.04.00' />
  <meta name='ocr-capabilities' content='ocr_page ocr_carea ocr_par ocr_line ocrx_word'/>
</head>
<body>
  <div class='ocr_page' id='page_1' title='image "./chroniconricard00stevgoog_0083.png"; bbox 0 0 3208 5036; ppageno 0'>
   <div class='ocr_carea' id='block_1_1' title="bbox 418 455 1105 518">
    <p class='ocr_par' dir='ltr' id='par_1_1' title="bbox 418 455 1105 518">
     <span class='ocr_line' id='line_1_1' title="bbox 418 455 1105 518; baseline -0.004 0"><span class='ocrx_word' id='word_1_1' title='bbox 418 455 463 518; x_wconf 86' lang='grc'><strong>64</strong></span> <span class='ocrx_word' id='word_1_2' title='bbox 679 469 865 517; x_wconf 75' lang='lat' dir='ltr'><strong>monacus</strong></span> <span class='ocrx_word' id='word_1_3' title='bbox 889 467 1105 518; x_wconf 75' lang='lat' dir='ltr'><strong>oivrslnusrs</strong></span> 
     </span>
    </p>
   </div>
   <div class='ocr_carea' id='block_1_2' title="bbox 248 625 1412 4337">
    <p class='ocr_par' dir='ltr' id='par_1_2' title="bbox 252 625 1412 3528">
     <span class='ocr_line' id='line_1_2' title="bbox 252 625 1368 710; baseline 0 -19"><span class='ocrx_word' id='word_1_4' title='bbox 252 641 403 693; x_wconf 63' lang='lat' dir='ltr'><strong>aalma.</strong></span> <span class='ocrx_word' id='word_1_5' title='bbox 420 627 514 692; x_wconf 88' lang='lat' dir='ltr'><strong>tione</strong></span> <span class='ocrx_word' id='word_1_6' title='bbox 536 626 621 692; x_wconf 89' lang='lat' dir='ltr'><strong>socii</strong></span> <span class='ocrx_word' id='word_1_7' title='bbox 645 626 700 690; x_wconf 87' lang='lat' dir='ltr'><strong>sni</strong></span> <span class='ocrx_word' id='word_1_8' title='bbox 717 626 925 691; x_wconf 84' lang='lat' dir='ltr'><strong>clamoribus</strong></span> <span class='ocrx_word' id='word_1_9' title='bbox 939 645 1080 709; x_wconf 76' lang='lat' dir='ltr'><strong>urgens</strong></span> <span class='ocrx_word' id='word_1_10' title='bbox 1125 625 1230 704; x_wconf 87' lang='lat' dir='ltr'><strong>‘Tu,’</strong></span> <span class='ocrx_word' id='word_1_11' title='bbox 1244 626 1368 710; x_wconf 88' lang='lat' dir='ltr'><strong>inquit,</strong></span> 
     </span>
     <span class='ocr_line' id='line_1_3' title="bbox 420 728 1369 806; baseline 0.001 -15"><span class='ocrx_word' id='word_1_12' title='bbox 420 728 492 792; x_wconf 89' lang='lat' dir='ltr'><strong>‘fili</strong></span> <span class='ocrx_word' id='word_1_13' title='bbox 513 728 661 792; x_wconf 87' lang='lat' dir='ltr'><strong>sordidae</strong></span> <span class='ocrx_word' id='word_1_14' title='bbox 684 729 884 806; x_wconf 85' lang='lat' dir='ltr'><strong>meretricis,</strong></span> <span class='ocrx_word' id='word_1_15' title='bbox 903 735 942 791; x_wconf 90' lang='lat' dir='ltr'><strong>tu</strong></span> <span class='ocrx_word' id='word_1_16' title='bbox 964 728 1065 805; x_wconf 85' lang='lat' dir='ltr'><strong>latro,</strong></span> <span class='ocrx_word' id='word_1_17' title='bbox 1088 735 1128 792; x_wconf 90' lang='lat' dir='ltr'><strong>tu</strong></span> <span class='ocrx_word' id='word_1_18' title='bbox 1151 728 1309 805; x_wconf 84' lang='lat' dir='ltr'><strong>traditor,</strong></span> <span class='ocrx_word' id='word_1_19' title='bbox 1329 736 1369 792; x_wconf 89' lang='lat' dir='ltr'><strong>tu</strong></span> 
     </span>
     <span class='ocr_line' id='line_1_4' title="bbox 417 828 1366 906; baseline 0.003 -15"><span class='ocrx_word' id='word_1_20' title='bbox 417 828 566 906; x_wconf 85' lang='lat' dir='ltr'>diabole,</span> <span class='ocrx_word' id='word_1_21' title='bbox 581 835 621 892; x_wconf 93' lang='lat' dir='ltr'><strong>tu</strong></span> <span class='ocrx_word' id='word_1_22' title='bbox 634 829 837 893; x_wconf 85' lang='lat' dir='ltr'><strong>crucifixisti</strong></span> <span class='ocrx_word' id='word_1_23' title='bbox 852 829 983 893; x_wconf 89' lang='lat' dir='ltr'><strong>socium</strong></span> <span class='ocrx_word' id='word_1_24' title='bbox 998 848 1123 892; x_wconf 90' lang='lat' dir='ltr'><strong>meum.</strong></span> <span class='ocrx_word' id='word_1_25' title='bbox 1177 828 1249 892; x_wconf 88' lang='lat' dir='ltr'><strong>Hei</strong></span> <span class='ocrx_word' id='word_1_26' title='bbox 1263 829 1366 894; x_wconf 89' lang='lat' dir='ltr'><strong>mihi!</strong></span> 
     </span>
     <span class='ocr_line' id='line_1_5' title="bbox 417 929 1368 1013; baseline 0.001 -20"><span class='ocrx_word' id='word_1_27' title='bbox 417 930 519 995; x_wconf 94' lang='lat' dir='ltr'><strong>modo</strong></span> <span class='ocrx_word' id='word_1_28' title='bbox 541 949 648 1013; x_wconf 89' lang='lat' dir='ltr'><strong>quare</strong></span> <span class='ocrx_word' id='word_1_29' title='bbox 673 949 745 993; x_wconf 88' lang='lat' dir='ltr'><strong>non</strong></span> <span class='ocrx_word' id='word_1_30' title='bbox 769 929 880 994; x_wconf 86' lang='lat' dir='ltr'><strong>habeo</strong></span> <span class='ocrx_word' id='word_1_31' title='bbox 895 931 986 995; x_wconf 89' lang='lat' dir='ltr'><strong>vires</strong></span> <span class='ocrx_word' id='word_1_32' title='bbox 1010 929 1179 995; x_wconf 91' lang='lat' dir='ltr'><strong>hominis!</strong></span> <span class='ocrx_word' id='word_1_33' title='bbox 1233 929 1310 1011; x_wconf 81' lang='lat' dir='ltr'><strong>Ego</strong></span> <span class='ocrx_word' id='word_1_34' title='bbox 1332 938 1368 994; x_wconf 86' lang='lat' dir='ltr'><strong>te</strong></span> 
     </span>
     <span class='ocr_line' id='line_1_6' title="bbox 415 1028 1411 1113; baseline 0.003 -19"><span class='ocrx_word' id='word_1_35' title='bbox 415 1032 575 1095; x_wconf 88' lang='lat' dir='ltr'><strong>manibus</strong></span> <span class='ocrx_word' id='word_1_36' title='bbox 595 1031 680 1094; x_wconf 91' lang='lat' dir='ltr'><strong>meis</strong></span> <span class='ocrx_word' id='word_1_37' title='bbox 693 1030 920 1094; x_wconf 88' lang='lat' dir='ltr'><strong>dilaniarem.&#39;</strong></span> <span class='ocrx_word' id='word_1_38' title='bbox 971 1028 1172 1094; x_wconf 90' lang='lat' dir='ltr'><strong>Audiuntur</strong></span> <span class='ocrx_word' id='word_1_39' title='bbox 1192 1030 1229 1092; x_wconf 91' lang='lat' dir='ltr'><strong>in</strong></span> <span class='ocrx_word' id='word_1_40' title='bbox 1250 1031 1367 1113; x_wconf 86' lang='lat' dir='ltr'>platea</span> <span class='ocrx_word' id='word_1_41' title='bbox 1396 1055 1411 1097; x_wconf 79' lang='lat'>⁵</span> 
     </span>
     <span class='ocr_line' id='line_1_7' title="bbox 415 1129 1367 1214; baseline 0 -19"><span class='ocrx_word' id='word_1_42' title='bbox 415 1131 583 1196; x_wconf 86' lang='lat' dir='ltr'><strong>clamores</strong></span> <span class='ocrx_word' id='word_1_43' title='bbox 598 1130 820 1196; x_wconf 82' lang='lat' dir='ltr'><strong>vociferantis</strong></span> <span class='ocrx_word' id='word_1_44' title='bbox 837 1133 875 1195; x_wconf 92' lang='lat' dir='ltr'><strong>in</strong></span> <span class='ocrx_word' id='word_1_45' title='bbox 894 1129 980 1208; x_wconf 87' lang='lat' dir='ltr'><strong>aede,</strong></span> <span class='ocrx_word' id='word_1_46' title='bbox 994 1137 1203 1194; x_wconf 89' lang='lat' dir='ltr'><strong>concurrunt</strong></span> <span class='ocrx_word' id='word_1_47' title='bbox 1216 1131 1367 1214; x_wconf 89' lang='lat' dir='ltr'><strong>undique</strong></span> 
     </span>
     <span class='ocr_line' id='line_1_8' title="bbox 415 1229 1367 1314; baseline -0.001 -18"><span class='ocrx_word' id='word_1_48' title='bbox 415 1229 438 1295; x_wconf 88' lang='lat' dir='ltr'>J</span> <span class='ocrx_word' id='word_1_49' title='bbox 441 1232 532 1296; x_wconf 88' lang='lat' dir='ltr'><strong>udeei</strong></span> <span class='ocrx_word' id='word_1_50' title='bbox 559 1239 595 1296; x_wconf 90' lang='lat' dir='ltr'><strong>et</strong></span> <span class='ocrx_word' id='word_1_51' title='bbox 621 1231 821 1296; x_wconf 85' lang='lat' dir='ltr'><strong>Christiani.</strong></span> <span class='ocrx_word' id='word_1_52' title='bbox 874 1231 1046 1295; x_wconf 87' lang='lat' dir='ltr'><strong>Puerulus</strong></span> <span class='ocrx_word' id='word_1_53' title='bbox 1070 1233 1191 1308; x_wconf 85' lang='lat' dir='ltr'><strong>instat,</strong></span> <span class='ocrx_word' id='word_1_54' title='bbox 1224 1238 1260 1295; x_wconf 92' lang='lat' dir='ltr'><strong>et</strong></span> <span class='ocrx_word' id='word_1_55' title='bbox 1291 1231 1367 1314; x_wconf 90' lang='lat' dir='ltr'><strong>jam</strong></span> 
     </span>
     <span class='ocr_line' id='line_1_9' title="bbox 414 1332 1365 1416; baseline 0.002 -22"><span class='ocrx_word' id='word_1_56' title='bbox 414 1353 478 1416; x_wconf 89' lang='lat' dir='ltr'><strong>pro</strong></span> <span class='ocrx_word' id='word_1_57' title='bbox 500 1334 603 1397; x_wconf 88' lang='lat' dir='ltr'><strong>turba</strong></span> <span class='ocrx_word' id='word_1_58' title='bbox 622 1333 849 1407; x_wconf 83' lang='lat' dir='ltr'><strong>constantior,</strong></span> <span class='ocrx_word' id='word_1_59' title='bbox 874 1333 1104 1415; x_wconf 84' lang='lat' dir='ltr'><strong>interpellatis</strong></span> <span class='ocrx_word' id='word_1_60' title='bbox 1124 1332 1365 1415; x_wconf 62' lang='lat' dir='ltr'><strong>praesentibus</strong></span> 
     </span>
     <span class='ocr_line' id='line_1_10' title="bbox 413 1433 1366 1516; baseline 0.001 -21"><span class='ocrx_word' id='word_1_61' title='bbox 413 1434 522 1516; x_wconf 87' lang='lat' dir='ltr'><strong>coepit</strong></span> <span class='ocrx_word' id='word_1_62' title='bbox 551 1433 702 1514; x_wconf 77' lang='lat' dir='ltr'><strong>allegare</strong></span> <span class='ocrx_word' id='word_1_63' title='bbox 733 1453 797 1515; x_wconf 88' lang='lat' dir='ltr'><strong>pro</strong></span> <span class='ocrx_word' id='word_1_64' title='bbox 828 1433 934 1497; x_wconf 91' lang='lat' dir='ltr'><strong>socio.</strong></span> <span class='ocrx_word' id='word_1_65' title='bbox 987 1433 1040 1497; x_wconf 83' lang='lat'><strong>‘0</strong></span> <span class='ocrx_word' id='word_1_66' title='bbox 1063 1433 1151 1512; x_wconf 78' lang='lat' dir='ltr'><strong>voS,&#39;</strong></span> <span class='ocrx_word' id='word_1_67' title='bbox 1181 1433 1243 1510; x_wconf 87' lang='lat' dir='ltr'><strong>ait,</strong></span> <span class='ocrx_word' id='word_1_68' title='bbox 1278 1433 1366 1497; x_wconf 87' lang='lat' dir='ltr'><strong>‘viri</strong></span> 
     </span>
     <span class='ocr_line' id='line_1_11' title="bbox 413 1533 1411 1615; baseline 0 -19"><span class='ocrx_word' id='word_1_69' title='bbox 413 1534 474 1615; x_wconf 90' lang='lat' dir='ltr'><strong>qui</strong></span> <span class='ocrx_word' id='word_1_70' title='bbox 496 1533 719 1610; x_wconf 84' lang='lat' dir='ltr'><strong>convenistis,</strong></span> <span class='ocrx_word' id='word_1_71' title='bbox 742 1533 856 1597; x_wconf 89' lang='lat' dir='ltr'><strong>videte</strong></span> <span class='ocrx_word' id='word_1_72' title='bbox 886 1534 916 1597; x_wconf 92' lang='lat' dir='ltr'><strong>si</strong></span> <span class='ocrx_word' id='word_1_73' title='bbox 946 1541 1000 1598; x_wconf 89' lang='lat' dir='ltr'><strong>est</strong></span> <span class='ocrx_word' id='word_1_74' title='bbox 1027 1533 1126 1598; x_wconf 91' lang='lat' dir='ltr'><strong>dolor</strong></span> <span class='ocrx_word' id='word_1_75' title='bbox 1156 1534 1246 1598; x_wconf 90' lang='lat' dir='ltr'><strong>sicut</strong></span> <span class='ocrx_word' id='word_1_76' title='bbox 1267 1533 1366 1598; x_wconf 91' lang='lat' dir='ltr'><strong>dolor</strong></span> <span class='ocrx_word' id='word_1_77' title='bbox 1379 1552 1411 1597; x_wconf 81' lang='lat' dir='ltr'><strong>lo</strong></span> 
     </span>
     <span class='ocr_line' id='line_1_12' title="bbox 413 1633 1365 1711; baseline 0.002 -15"><span class='ocrx_word' id='word_1_78' title='bbox 413 1653 522 1699; x_wconf 91' lang='lat' dir='ltr'><strong>meus.</strong></span> <span class='ocrx_word' id='word_1_79' title='bbox 575 1633 649 1697; x_wconf 90' lang='lat' dir='ltr'><strong>Iste</strong></span> <span class='ocrx_word' id='word_1_80' title='bbox 664 1633 687 1698; x_wconf 90' lang='lat' dir='ltr'>J</span> <span class='ocrx_word' id='word_1_81' title='bbox 690 1634 811 1698; x_wconf 88' lang='lat' dir='ltr'><strong>udaeus</strong></span> <span class='ocrx_word' id='word_1_82' title='bbox 825 1633 983 1698; x_wconf 88' lang='lat' dir='ltr'><strong>diabolus</strong></span> <span class='ocrx_word' id='word_1_83' title='bbox 1003 1642 1069 1711; x_wconf 89' lang='lat' dir='ltr'><strong>est,</strong></span> <span class='ocrx_word' id='word_1_84' title='bbox 1083 1635 1150 1698; x_wconf 91' lang='lat' dir='ltr'><strong>iste</strong></span> <span class='ocrx_word' id='word_1_85' title='bbox 1171 1654 1231 1698; x_wconf 86' lang='lat' dir='ltr'><strong>cor</strong></span> <span class='ocrx_word' id='word_1_86' title='bbox 1252 1653 1365 1698; x_wconf 89' lang='lat' dir='ltr'><strong>meum</strong></span> 
     </span>
     <span class='ocr_line' id='line_1_13' title="bbox 413 1734 1364 1818; baseline -0.001 -20"><span class='ocrx_word' id='word_1_87' title='bbox 413 1734 456 1798; x_wconf 92' lang='lat' dir='ltr'><strong>de</strong></span> <span class='ocrx_word' id='word_1_88' title='bbox 471 1742 591 1799; x_wconf 88' lang='lat' dir='ltr'><strong>ventre</strong></span> <span class='ocrx_word' id='word_1_89' title='bbox 606 1754 682 1798; x_wconf 92' lang='lat' dir='ltr'><strong>meo</strong></span> <span class='ocrx_word' id='word_1_90' title='bbox 696 1735 823 1818; x_wconf 85' lang='lat' dir='ltr'><strong>rapuit,</strong></span> <span class='ocrx_word' id='word_1_91' title='bbox 837 1735 905 1799; x_wconf 87' lang='lat' dir='ltr'><strong>iste</strong></span> <span class='ocrx_word' id='word_1_92' title='bbox 919 1736 1060 1799; x_wconf 91' lang='lat' dir='ltr'><strong>unicum</strong></span> <span class='ocrx_word' id='word_1_93' title='bbox 1077 1735 1231 1800; x_wconf 90' lang='lat' dir='ltr'><strong>sodalem</strong></span> <span class='ocrx_word' id='word_1_94' title='bbox 1252 1755 1364 1799; x_wconf 90' lang='lat' dir='ltr'><strong>meum</strong></span> 
     </span>
     <span class='ocr_line' id='line_1_14' title="bbox 409 1834 1378 1920; baseline 0 -22"><span class='ocrx_word' id='word_1_95' title='bbox 409 1834 599 1917; x_wconf 83' lang='lat' dir='ltr'><strong>jugulavit,</strong></span> <span class='ocrx_word' id='word_1_96' title='bbox 612 1854 784 1917; x_wconf 86' lang='lat' dir='ltr'><strong>praesumo</strong></span> <span class='ocrx_word' id='word_1_97' title='bbox 800 1837 904 1900; x_wconf 90' lang='lat' dir='ltr'><strong>etiam</strong></span> <span class='ocrx_word' id='word_1_98' title='bbox 919 1836 1010 1918; x_wconf 92' lang='lat' dir='ltr'><strong>quod</strong></span> <span class='ocrx_word' id='word_1_99' title='bbox 1026 1836 1260 1900; x_wconf 89' lang='lat' dir='ltr'><strong>manducavit.</strong></span> <span class='ocrx_word' id='word_1_100' title='bbox 1306 1835 1378 1920; x_wconf 47' lang='lat' dir='ltr'><strong>Fiq</strong></span> 
     </span>
     <span class='ocr_line' id='line_1_15' title="bbox 412 1935 1364 2020; baseline -0.001 -21"><span class='ocrx_word' id='word_1_101' title='bbox 412 1936 480 1999; x_wconf 89' lang='lat' dir='ltr'><strong>lius</strong></span> <span class='ocrx_word' id='word_1_102' title='bbox 497 1936 637 2020; x_wconf 90' lang='lat' dir='ltr'><strong>quidam</strong></span> <span class='ocrx_word' id='word_1_103' title='bbox 654 1936 795 2012; x_wconf 85' lang='lat' dir='ltr'><strong>diaboli,</strong></span> <span class='ocrx_word' id='word_1_104' title='bbox 811 1935 834 2000; x_wconf 91' lang='lat' dir='ltr'>J</span> <span class='ocrx_word' id='word_1_105' title='bbox 837 1937 969 2014; x_wconf 90' lang='lat' dir='ltr'><strong>udaeus,</strong></span> <span class='ocrx_word' id='word_1_106' title='bbox 988 1936 1217 2018; x_wconf 83' lang='lat' dir='ltr'><strong>Francigena,</strong></span> <span class='ocrx_word' id='word_1_107' title='bbox 1232 1956 1296 2000; x_wconf 91' lang='lat' dir='ltr'><strong>nec</strong></span> <span class='ocrx_word' id='word_1_108' title='bbox 1311 1937 1364 1998; x_wconf 88' lang='lat' dir='ltr'><strong>in-</strong></span> 
     </span>
     <span class='ocr_line' id='line_1_16' title="bbox 413 2037 1408 2120; baseline -0.004 -20"><span class='ocrx_word' id='word_1_109' title='bbox 413 2037 544 2120; x_wconf 81' lang='lat' dir='ltr'><strong>telligo,</strong></span> <span class='ocrx_word' id='word_1_110' title='bbox 560 2056 623 2100; x_wconf 93' lang='lat' dir='ltr'><strong>nec</strong></span> <span class='ocrx_word' id='word_1_111' title='bbox 638 2037 810 2120; x_wconf 86' lang='lat' dir='ltr'><strong>experior,</strong></span> <span class='ocrx_word' id='word_1_112' title='bbox 820 2037 843 2100; x_wconf 85' lang='lat' dir='ltr'>J</span> <span class='ocrx_word' id='word_1_113' title='bbox 846 2037 967 2101; x_wconf 87' lang='lat' dir='ltr'><strong>udaeus</strong></span> <span class='ocrx_word' id='word_1_114' title='bbox 980 2037 1040 2100; x_wconf 89' lang='lat' dir='ltr'><strong>ille</strong></span> <span class='ocrx_word' id='word_1_115' title='bbox 1055 2037 1150 2101; x_wconf 88' lang='lat' dir='ltr'><strong>dedit</strong></span> <span class='ocrx_word' id='word_1_116' title='bbox 1162 2037 1274 2102; x_wconf 79' lang='lat' dir='ltr'><strong>sodali</strong></span> <span class='ocrx_word' id='word_1_117' title='bbox 1288 2057 1364 2100; x_wconf 89' lang='lat' dir='ltr'><strong>meo</strong></span> <span class='ocrx_word' id='word_1_118' title='bbox 1377 2053 1408 2096; x_wconf 71' lang='grc' dir='ltr'><strong>ιε</strong></span> 
     </span>
     <span class='ocr_line' id='line_1_17' title="bbox 412 2137 1365 2203; baseline 0 -3"><span class='ocrx_word' id='word_1_119' title='bbox 412 2137 532 2203; x_wconf 85' lang='lat' dir='ltr'><strong>literas</strong></span> <span class='ocrx_word' id='word_1_120' title='bbox 551 2137 671 2201; x_wconf 88' lang='lat' dir='ltr'><strong>mortis</strong></span> <span class='ocrx_word' id='word_1_121' title='bbox 686 2157 759 2202; x_wconf 84' lang='lat' dir='ltr'><strong>suae</strong></span> <span class='ocrx_word' id='word_1_122' title='bbox 775 2137 820 2201; x_wconf 90' lang='lat' dir='ltr'><strong>ad</strong></span> <span class='ocrx_word' id='word_1_123' title='bbox 836 2137 1011 2202; x_wconf 90' lang='lat' dir='ltr'><strong>hominem</strong></span> <span class='ocrx_word' id='word_1_124' title='bbox 1025 2138 1142 2201; x_wconf 88' lang='lat' dir='ltr'><strong>istum.</strong></span> <span class='ocrx_word' id='word_1_125' title='bbox 1194 2137 1253 2202; x_wconf 91' lang='lat' dir='ltr'><strong>Ad</strong></span> <span class='ocrx_word' id='word_1_126' title='bbox 1275 2137 1365 2200; x_wconf 89' lang='lat' dir='ltr'><strong>hanc</strong></span> 
     </span>
     <span class='ocr_line' id='line_1_18' title="bbox 413 2238 1364 2315; baseline 0.002 -15"><span class='ocrx_word' id='word_1_127' title='bbox 413 2239 532 2302; x_wconf 90' lang='lat' dir='ltr'><strong>urbem</strong></span> <span class='ocrx_word' id='word_1_128' title='bbox 559 2239 657 2303; x_wconf 88' lang='lat' dir='ltr'><strong>venit</strong></span> <span class='ocrx_word' id='word_1_129' title='bbox 692 2238 867 2315; x_wconf 59' lang='lat' dir='ltr'><strong>inductus</strong></span> <span class='ocrx_word' id='word_1_130' title='bbox 904 2240 975 2303; x_wconf 91' lang='lat' dir='ltr'><strong>imo</strong></span> <span class='ocrx_word' id='word_1_131' title='bbox 1011 2239 1185 2302; x_wconf 88' lang='lat' dir='ltr'><strong>seductus.</strong></span> <span class='ocrx_word' id='word_1_132' title='bbox 1238 2238 1261 2301; x_wconf 85' lang='lat' dir='ltr'>J</span> <span class='ocrx_word' id='word_1_133' title='bbox 1264 2238 1364 2302; x_wconf 85' lang='lat' dir='ltr'><strong>udaeo</strong></span> 
     </span>
     <span class='ocr_line' id='line_1_19' title="bbox 413 2337 1364 2422; baseline 0.001 -21"><span class='ocrx_word' id='word_1_134' title='bbox 413 2338 492 2402; x_wconf 91' lang='lat' dir='ltr'><strong>huic</strong></span> <span class='ocrx_word' id='word_1_135' title='bbox 504 2359 598 2422; x_wconf 89' lang='lat' dir='ltr'><strong>saepe</strong></span> <span class='ocrx_word' id='word_1_136' title='bbox 607 2339 762 2416; x_wconf 87' lang='lat' dir='ltr'><strong>servivit,</strong></span> <span class='ocrx_word' id='word_1_137' title='bbox 772 2345 808 2402; x_wconf 94' lang='lat' dir='ltr'><strong>et</strong></span> <span class='ocrx_word' id='word_1_138' title='bbox 818 2339 855 2402; x_wconf 90' lang='lat' dir='ltr'><strong>in</strong></span> <span class='ocrx_word' id='word_1_139' title='bbox 864 2337 966 2402; x_wconf 91' lang='lat' dir='ltr'><strong>domo</strong></span> <span class='ocrx_word' id='word_1_140' title='bbox 980 2338 1055 2422; x_wconf 91' lang='lat' dir='ltr'><strong>ejus</strong></span> <span class='ocrx_word' id='word_1_141' title='bbox 1070 2339 1256 2404; x_wconf 83' lang='lat' dir='ltr'><strong>novissime</strong></span> <span class='ocrx_word' id='word_1_142' title='bbox 1269 2339 1364 2404; x_wconf 84' lang='lat' dir='ltr'><strong>visus</strong></span> 
     </span>
     <span class='ocr_line' id='line_1_20' title="bbox 414 2438 1363 2522; baseline 0 -19"><span class='ocrx_word' id='word_1_143' title='bbox 414 2440 491 2503; x_wconf 68' lang='lat' dir='ltr'><strong>est!</strong></span> <span class='ocrx_word' id='word_1_144' title='bbox 544 2439 627 2503; x_wconf 92' lang='lat' dir='ltr'><strong>Non</strong></span> <span class='ocrx_word' id='word_1_145' title='bbox 643 2438 753 2504; x_wconf 87' lang='lat' dir='ltr'><strong>defuit</strong></span> <span class='ocrx_word' id='word_1_146' title='bbox 768 2440 801 2503; x_wconf 88' lang='lat' dir='ltr'><strong>ei</strong></span> <span class='ocrx_word' id='word_1_147' title='bbox 816 2439 915 2503; x_wconf 90' lang='lat' dir='ltr'><strong>testis</strong></span> <span class='ocrx_word' id='word_1_148' title='bbox 930 2439 973 2502; x_wconf 94' lang='lat' dir='ltr'><strong>ad</strong></span> <span class='ocrx_word' id='word_1_149' title='bbox 991 2439 1121 2520; x_wconf 91' lang='lat' dir='ltr'><strong>aliqua,</strong></span> <span class='ocrx_word' id='word_1_150' title='bbox 1135 2446 1303 2522; x_wconf 89' lang='lat' dir='ltr'><strong>quantum</strong></span> <span class='ocrx_word' id='word_1_151' title='bbox 1326 2447 1363 2504; x_wconf 87' lang='lat' dir='ltr'><strong>et</strong></span> 
     </span>
     <span class='ocr_line' id='line_1_21' title="bbox 412 2538 1412 2621; baseline 0.006 -19"><span class='ocrx_word' id='word_1_152' title='bbox 412 2538 540 2604; x_wconf 86' lang='lat' dir='ltr'><strong>femina</strong></span> <span class='ocrx_word' id='word_1_153' title='bbox 550 2538 759 2616; x_wconf 85' lang='lat' dir='ltr'><strong>Christiana,</strong></span> <span class='ocrx_word' id='word_1_154' title='bbox 774 2559 865 2621; x_wconf 86' lang='lat' dir='ltr'><strong>quae,</strong></span> <span class='ocrx_word' id='word_1_155' title='bbox 879 2546 1002 2603; x_wconf 90' lang='lat' dir='ltr'><strong>contra</strong></span> <span class='ocrx_word' id='word_1_156' title='bbox 1012 2538 1184 2617; x_wconf 88' lang='lat' dir='ltr'><strong>Canones,</strong></span> <span class='ocrx_word' id='word_1_157' title='bbox 1193 2541 1230 2603; x_wconf 91' lang='lat' dir='ltr'><strong>in</strong></span> <span class='ocrx_word' id='word_1_158' title='bbox 1243 2539 1362 2603; x_wconf 92' lang='lat' dir='ltr'><strong>eadem</strong></span> <span class='ocrx_word' id='word_1_159' title='bbox 1374 2561 1412 2608; x_wconf 76' lang='lat' dir='ltr'><strong>ao</strong></span> 
     </span>
     <span class='ocr_line' id='line_1_22' title="bbox 412 2638 1363 2724; baseline 0.002 -21"><span class='ocrx_word' id='word_1_160' title='bbox 412 2639 514 2703; x_wconf 90' lang='lat' dir='ltr'><strong>domo</strong></span> <span class='ocrx_word' id='word_1_161' title='bbox 540 2639 709 2703; x_wconf 86' lang='lat' dir='ltr'><strong>nutrierat</strong></span> <span class='ocrx_word' id='word_1_162' title='bbox 739 2639 762 2702; x_wconf 85' lang='lat' dir='ltr'>J</span> <span class='ocrx_word' id='word_1_163' title='bbox 765 2639 931 2706; x_wconf 87' lang='lat' dir='ltr'><strong>udeeuios.</strong></span> <span class='ocrx_word' id='word_1_164' title='bbox 985 2638 1195 2704; x_wconf 87' lang='lat' dir='ltr'><strong>Constanter</strong></span> <span class='ocrx_word' id='word_1_165' title='bbox 1221 2640 1363 2724; x_wconf 89' lang='lat' dir='ltr'><strong>jurabat</strong></span> 
     </span>
     <span class='ocr_line' id='line_1_23' title="bbox 412 2739 1362 2823; baseline 0.002 -21"><span class='ocrx_word' id='word_1_166' title='bbox 412 2759 449 2804; x_wconf 89' lang='lat' dir='ltr'><strong>se</strong></span> <span class='ocrx_word' id='word_1_167' title='bbox 473 2739 601 2805; x_wconf 85' lang='lat' dir='ltr'><strong>vidisse</strong></span> <span class='ocrx_word' id='word_1_168' title='bbox 628 2759 772 2822; x_wconf 90' lang='lat' dir='ltr'><strong>puerum</strong></span> <span class='ocrx_word' id='word_1_169' title='bbox 799 2741 837 2803; x_wconf 92' lang='lat' dir='ltr'><strong>in</strong></span> <span class='ocrx_word' id='word_1_170' title='bbox 864 2759 991 2823; x_wconf 91' lang='lat' dir='ltr'><strong>penum</strong></span> <span class='ocrx_word' id='word_1_171' title='bbox 1015 2739 1038 2804; x_wconf 88' lang='lat' dir='ltr'>J</span> <span class='ocrx_word' id='word_1_172' title='bbox 1041 2740 1131 2804; x_wconf 85' lang='lat' dir='ltr'><strong>udaei</strong></span> <span class='ocrx_word' id='word_1_173' title='bbox 1157 2740 1362 2804; x_wconf 90' lang='lat' dir='ltr'><strong>descendere</strong></span> 
     </span>
     <span class='ocr_line' id='line_1_24' title="bbox 412 2838 1362 2922; baseline 0 -19"><span class='ocrx_word' id='word_1_174' title='bbox 412 2841 486 2904; x_wconf 89' lang='lat' dir='ltr'><strong>sine</strong></span> <span class='ocrx_word' id='word_1_175' title='bbox 500 2860 670 2922; x_wconf 82' lang='lat' dir='ltr'><strong>regressu.</strong></span> <span class='ocrx_word' id='word_1_176' title='bbox 723 2838 746 2904; x_wconf 89' lang='lat' dir='ltr'>J</span> <span class='ocrx_word' id='word_1_177' title='bbox 749 2840 869 2903; x_wconf 86' lang='lat' dir='ltr'><strong>udaeus</strong></span> <span class='ocrx_word' id='word_1_178' title='bbox 882 2839 1067 2918; x_wconf 85' lang='lat' dir='ltr'><strong>inficiatur,</strong></span> <span class='ocrx_word' id='word_1_179' title='bbox 1083 2860 1137 2904; x_wconf 91' lang='lat' dir='ltr'><strong>res</strong></span> <span class='ocrx_word' id='word_1_180' title='bbox 1157 2839 1304 2905; x_wconf 81' lang='lat' dir='ltr'><strong>refertur</strong></span> <span class='ocrx_word' id='word_1_181' title='bbox 1318 2841 1362 2905; x_wconf 89' lang='lat' dir='ltr'><strong>ad</strong></span> 
     </span>
     <span class='ocr_line' id='line_1_25' title="bbox 407 2940 1362 3024; baseline 0 -20"><span class='ocrx_word' id='word_1_182' title='bbox 407 2940 555 3024; x_wconf 90' lang='lat' dir='ltr'><strong>judices.</strong></span> <span class='ocrx_word' id='word_1_183' title='bbox 607 2941 783 3006; x_wconf 91' lang='lat' dir='ltr'><strong>Deficiunt</strong></span> <span class='ocrx_word' id='word_1_184' title='bbox 797 2947 1037 3019; x_wconf 90' lang='lat' dir='ltr'><strong>accusatores;</strong></span> <span class='ocrx_word' id='word_1_185' title='bbox 1061 2960 1147 3023; x_wconf 88' lang='lat' dir='ltr'><strong>puer</strong></span> <span class='ocrx_word' id='word_1_186' title='bbox 1166 2941 1248 3023; x_wconf 91' lang='lat' dir='ltr'><strong>quia</strong></span> <span class='ocrx_word' id='word_1_187' title='bbox 1271 2940 1362 3004; x_wconf 86' lang='lat' dir='ltr'><strong>infra</strong></span> 
     </span>
     <span class='ocr_line' id='line_1_26' title="bbox 413 3039 1408 3123; baseline 0.004 -18"><span class='ocrx_word' id='word_1_188' title='bbox 413 3048 552 3106; x_wconf 87' lang='lat' dir='ltr'><strong>aetatem</strong></span> <span class='ocrx_word' id='word_1_189' title='bbox 573 3048 659 3121; x_wconf 91' lang='lat' dir='ltr'><strong>erat,</strong></span> <span class='ocrx_word' id='word_1_190' title='bbox 685 3040 814 3105; x_wconf 86' lang='lat' dir='ltr'><strong>femina</strong></span> <span class='ocrx_word' id='word_1_191' title='bbox 838 3041 920 3123; x_wconf 91' lang='lat' dir='ltr'><strong>quia</strong></span> <span class='ocrx_word' id='word_1_192' title='bbox 943 3039 1105 3104; x_wconf 83' lang='lat' dir='ltr'><strong>infamem</strong></span> <span class='ocrx_word' id='word_1_193' title='bbox 1132 3060 1208 3105; x_wconf 86' lang='lat' dir='ltr'><strong>eam</strong></span> <span class='ocrx_word' id='word_1_194' title='bbox 1233 3040 1408 3108; x_wconf 75' lang='lat' dir='ltr'><strong>feceratss</strong></span> 
     </span>
     <span class='ocr_line' id='line_1_27' title="bbox 413 3138 1362 3224; baseline 0 -19"><span class='ocrx_word' id='word_1_195' title='bbox 413 3141 436 3206; x_wconf 88' lang='lat' dir='ltr'>J</span> <span class='ocrx_word' id='word_1_196' title='bbox 438 3141 615 3206; x_wconf 89' lang='lat' dir='ltr'><strong>udaeorum</strong></span> <span class='ocrx_word' id='word_1_197' title='bbox 630 3142 869 3206; x_wconf 89' lang='lat' dir='ltr'><strong>ministerium.</strong></span> <span class='ocrx_word' id='word_1_198' title='bbox 921 3138 944 3204; x_wconf 88' lang='lat' dir='ltr'><strong>J</strong></span> <span class='ocrx_word' id='word_1_199' title='bbox 946 3141 1067 3204; x_wconf 86' lang='lat' dir='ltr'><strong>udaeus</strong></span> <span class='ocrx_word' id='word_1_200' title='bbox 1085 3142 1211 3206; x_wconf 91' lang='lat' dir='ltr'><strong>obtulit</strong></span> <span class='ocrx_word' id='word_1_201' title='bbox 1232 3162 1362 3224; x_wconf 84' lang='lat' dir='ltr'><strong>purga-</strong></span> 
     </span>
     <span class='ocr_line' id='line_1_28' title="bbox 412 3240 1364 3332; baseline -0.001 -25"><span class='ocrx_word' id='word_1_202' title='bbox 412 3243 542 3332; x_wconf 86' lang='lat' dir='ltr'><strong>tionem</strong></span> <span class='ocrx_word' id='word_1_203' title='bbox 555 3243 776 3308; x_wconf 85' lang='lat' dir='ltr'><strong>conscientiae</strong></span> <span class='ocrx_word' id='word_1_204' title='bbox 791 3248 932 3326; x_wconf 86' lang='lat' dir='ltr'><strong>propter</strong></span> <span class='ocrx_word' id='word_1_205' title='bbox 945 3240 1133 3306; x_wconf 86' lang='lat' dir='ltr'><strong>infamiam.</strong></span> <span class='ocrx_word' id='word_1_206' title='bbox 1179 3241 1202 3306; x_wconf 90' lang='lat' dir='ltr'>J</span> <span class='ocrx_word' id='word_1_207' title='bbox 1205 3242 1364 3306; x_wconf 90' lang='lat' dir='ltr'><strong>udicibus</strong></span> 
     </span>
     <span class='ocr_line' id='line_1_29' title="bbox 413 3341 1365 3428; baseline 0 -21"><span class='ocrx_word' id='word_1_208' title='bbox 413 3363 519 3410; x_wconf 86' lang='lat' dir='ltr'><strong>aurea</strong></span> <span class='ocrx_word' id='word_1_209' title='bbox 533 3345 676 3428; x_wconf 87' lang='lat' dir='ltr'><strong>placuit.</strong></span> <span class='ocrx_word' id='word_1_210' title='bbox 719 3344 826 3409; x_wconf 90' lang='lat' dir='ltr'><strong>Dedit</strong></span> <span class='ocrx_word' id='word_1_211' title='bbox 840 3341 990 3409; x_wconf 91' lang='lat' dir='ltr'><strong>Phinees</strong></span> <span class='ocrx_word' id='word_1_212' title='bbox 1006 3349 1042 3407; x_wconf 88' lang='lat' dir='ltr'><strong>ct</strong></span> <span class='ocrx_word' id='word_1_213' title='bbox 1057 3343 1221 3425; x_wconf 87' lang='lat' dir='ltr'><strong>placavit,</strong></span> <span class='ocrx_word' id='word_1_214' title='bbox 1238 3350 1273 3407; x_wconf 89' lang='lat' dir='ltr'><strong>et</strong></span> <span class='ocrx_word' id='word_1_215' title='bbox 1287 3363 1365 3407; x_wconf 88' lang='lat' dir='ltr'><strong>ces·</strong></span> 
     </span>
     <span class='ocr_line' id='line_1_30' title="bbox 413 3444 711 3528; baseline 0.003 -21"><span class='ocrx_word' id='word_1_216' title='bbox 413 3446 505 3509; x_wconf 90' lang='lat' dir='ltr'><strong>savit</strong></span> <span class='ocrx_word' id='word_1_217' title='bbox 520 3444 711 3528; x_wconf 88' lang='lat' dir='ltr'><strong>quassatio.</strong></span> 
     </span>
    </p>

    <p class='ocr_par' dir='ltr' id='par_1_3' title="bbox 248 3541 1407 3627">
     <span class='ocr_line' id='line_1_31' title="bbox 248 3541 1407 3627; baseline -0.003 -15"><span class='ocrx_word' id='word_1_218' title='bbox 248 3573 293 3612; x_wconf 63' lang='lat' dir='ltr'><strong>nu</strong></span> <span class='ocrx_word' id='word_1_219' title='bbox 307 3573 383 3622; x_wconf 73' lang='lat' dir='ltr'><strong>emp</strong></span> <span class='ocrx_word' id='word_1_220' title='bbox 465 3544 550 3627; x_wconf 64' lang='lat'><strong>§84</strong></span> <span class='ocrx_word' id='word_1_221' title='bbox 576 3543 769 3608; x_wconf 77' lang='lat' dir='ltr'><strong>cestrensis</strong></span> <span class='ocrx_word' id='word_1_222' title='bbox 791 3543 985 3626; x_wconf 76' lang='lat' dir='ltr'><strong>episcopus,</strong></span> <span class='ocrx_word' id='word_1_223' title='bbox 1010 3543 1081 3625; x_wconf 91' lang='lat' dir='ltr'><strong>qui,</strong></span> <span class='ocrx_word' id='word_1_224' title='bbox 1108 3561 1154 3605; x_wconf 80' lang='lat' dir='ltr'><strong>ex</strong></span> <span class='ocrx_word' id='word_1_225' title='bbox 1178 3541 1257 3607; x_wconf 90' lang='lat' dir='ltr'><strong>odio</strong></span> <span class='ocrx_word' id='word_1_226' title='bbox 1280 3544 1360 3608; x_wconf 86' lang='lat' dir='ltr'><strong>reli·</strong></span> <span class='ocrx_word' id='word_1_227' title='bbox 1374 3571 1407 3616; x_wconf 72' lang='lat'><strong>30</strong></span> 
     </span>
    </p>

    <p class='ocr_par' dir='ltr' id='par_1_4' title="bbox 248 3624 1363 3727">
     <span class='ocr_line' id='line_1_32' title="bbox 248 3624 1363 3727; baseline -0.004 -14"><span class='ocrx_word' id='word_1_228' title='bbox 248 3624 369 3723; x_wconf 50' lang='lat' dir='ltr'><strong>iiiiii}</strong></span> <span class='ocrx_word' id='word_1_229' title='bbox 412 3644 536 3724; x_wconf 81' lang='lat' dir='ltr'><strong>gionis,</strong></span> <span class='ocrx_word' id='word_1_230' title='bbox 552 3645 593 3708; x_wconf 91' lang='lat' dir='ltr'><strong>de</strong></span> <span class='ocrx_word' id='word_1_231' title='bbox 608 3642 796 3708; x_wconf 88' lang='lat' dir='ltr'><strong>Coventria</strong></span> <span class='ocrx_word' id='word_1_232' title='bbox 809 3643 994 3707; x_wconf 89' lang='lat' dir='ltr'><strong>monachos</strong></span> <span class='ocrx_word' id='word_1_233' title='bbox 1010 3643 1171 3727; x_wconf 85' lang='lat' dir='ltr'><strong>ejecerat,</strong></span> <span class='ocrx_word' id='word_1_234' title='bbox 1192 3663 1212 3706; x_wconf 91' lang='lat' dir='ltr'><strong>e</strong></span> <span class='ocrx_word' id='word_1_235' title='bbox 1237 3642 1363 3708; x_wconf 85' lang='lat' dir='ltr'><strong>funda-</strong></span> 
     </span>
    </p>

    <p class='ocr_par' dir='ltr' id='par_1_5' title="bbox 248 3725 1404 4337">
     <span class='ocr_line' id='line_1_33' title="bbox 248 3725 1361 3826; baseline -0.004 -13"><span class='ocrx_word' id='word_1_236' title='bbox 248 3725 390 3824; x_wconf 51' lang='lat' dir='ltr'><strong>iiiof‘iiiir&#39;y.</strong></span> <span class='ocrx_word' id='word_1_237' title='bbox 411 3746 535 3809; x_wconf 87' lang='lat' dir='ltr'><strong>mentis</strong></span> <span class='ocrx_word' id='word_1_238' title='bbox 550 3745 673 3810; x_wconf 88' lang='lat' dir='ltr'><strong>evertit</strong></span> <span class='ocrx_word' id='word_1_239' title='bbox 688 3743 852 3826; x_wconf 91' lang='lat' dir='ltr'><strong>quidquid</strong></span> <span class='ocrx_word' id='word_1_240' title='bbox 868 3742 1080 3807; x_wconf 89' lang='lat' dir='ltr'><strong>officinarum</strong></span> <span class='ocrx_word' id='word_1_241' title='bbox 1095 3742 1208 3823; x_wconf 83' lang='lat' dir='ltr'><strong>suerat</strong></span> <span class='ocrx_word' id='word_1_242' title='bbox 1228 3743 1266 3805; x_wconf 92' lang='lat' dir='ltr'><strong>in</strong></span> <span class='ocrx_word' id='word_1_243' title='bbox 1289 3764 1361 3808; x_wconf 90' lang='lat' dir='ltr'><strong>coe·</strong></span> 
     </span>
     <span class='ocr_line' id='line_1_34' title="bbox 412 3843 1359 3928; baseline 0.002 -21"><span class='ocrx_word' id='word_1_244' title='bbox 412 3846 526 3923; x_wconf 91' lang='lat' dir='ltr'><strong>nobio,</strong></span> <span class='ocrx_word' id='word_1_245' title='bbox 541 3854 580 3911; x_wconf 90' lang='lat' dir='ltr'><strong>ut</strong></span> <span class='ocrx_word' id='word_1_246' title='bbox 594 3865 639 3910; x_wconf 86' lang='lat' dir='ltr'><strong>ex</strong></span> <span class='ocrx_word' id='word_1_247' title='bbox 662 3846 809 3909; x_wconf 85' lang='lat' dir='ltr'><strong>alterata</strong></span> <span class='ocrx_word' id='word_1_248' title='bbox 830 3844 898 3908; x_wconf 88' lang='lat' dir='ltr'><strong>loci</strong></span> <span class='ocrx_word' id='word_1_249' title='bbox 920 3844 1007 3909; x_wconf 86' lang='lat' dir='ltr'><strong>facie</strong></span> <span class='ocrx_word' id='word_1_250' title='bbox 1030 3843 1140 3908; x_wconf 90' lang='lat' dir='ltr'><strong>omnis</strong></span> <span class='ocrx_word' id='word_1_251' title='bbox 1164 3843 1257 3926; x_wconf 91' lang='lat' dir='ltr'><strong>apud</strong></span> <span class='ocrx_word' id='word_1_252' title='bbox 1279 3865 1359 3928; x_wconf 91' lang='lat' dir='ltr'><strong>pos-</strong></span> 
     </span>
     <span class='ocr_line' id='line_1_35' title="bbox 410 3943 1361 4029; baseline 0.002 -21"><span class='ocrx_word' id='word_1_253' title='bbox 410 3952 503 4009; x_wconf 89' lang='lat' dir='ltr'><strong>teros</strong></span> <span class='ocrx_word' id='word_1_254' title='bbox 533 3947 785 4029; x_wconf 86' lang='lat' dir='ltr'><strong>praeteritorum</strong></span> <span class='ocrx_word' id='word_1_255' title='bbox 807 3945 971 4010; x_wconf 90' lang='lat' dir='ltr'><strong>memoria</strong></span> <span class='ocrx_word' id='word_1_256' title='bbox 993 3946 1182 4009; x_wconf 87' lang='lat' dir='ltr'><strong>tolleretur.</strong></span> <span class='ocrx_word' id='word_1_257' title='bbox 1235 3943 1302 4009; x_wconf 85' lang='lat' dir='ltr'><strong>Sed</strong></span> <span class='ocrx_word' id='word_1_258' title='bbox 1326 3954 1361 4010; x_wconf 91' lang='lat' dir='ltr'><strong>et</strong></span> 
     </span>
     <span class='ocr_line' id='line_1_36' title="bbox 409 4043 1404 4129; baseline 0.005 -22"><span class='ocrx_word' id='word_1_259' title='bbox 409 4065 453 4109; x_wconf 90' lang='lat' dir='ltr'><strong>ne</strong></span> <span class='ocrx_word' id='word_1_260' title='bbox 490 4045 591 4109; x_wconf 88' lang='lat' dir='ltr'><strong>ruina</strong></span> <span class='ocrx_word' id='word_1_261' title='bbox 619 4046 843 4111; x_wconf 79' lang='lat' dir='ltr'><strong>maceriarum</strong></span> <span class='ocrx_word' id='word_1_262' title='bbox 878 4066 977 4110; x_wconf 89' lang='lat' dir='ltr'><strong>suum</strong></span> <span class='ocrx_word' id='word_1_263' title='bbox 1007 4045 1212 4129; x_wconf 88' lang='lat' dir='ltr'><strong>quandoque</strong></span> <span class='ocrx_word' id='word_1_264' title='bbox 1241 4043 1359 4128; x_wconf 89' lang='lat' dir='ltr'><strong>loque·</strong></span> <span class='ocrx_word' id='word_1_265' title='bbox 1374 4067 1404 4114; x_wconf 79' lang='lat' dir='ltr'><strong>ss</strong></span> 
     </span>
     <span class='ocr_line' id='line_1_37' title="bbox 408 4146 1359 4228; baseline 0.001 -21"><span class='ocrx_word' id='word_1_266' title='bbox 408 4153 503 4210; x_wconf 86' lang='lat' dir='ltr'><strong>retur</strong></span> <span class='ocrx_word' id='word_1_267' title='bbox 533 4154 718 4222; x_wconf 87' lang='lat' dir='ltr'><strong>auctorem,</strong></span> <span class='ocrx_word' id='word_1_268' title='bbox 748 4146 791 4208; x_wconf 92' lang='lat' dir='ltr'><strong>de</strong></span> <span class='ocrx_word' id='word_1_269' title='bbox 821 4154 949 4228; x_wconf 86' lang='lat' dir='ltr'><strong>praesto</strong></span> <span class='ocrx_word' id='word_1_270' title='bbox 975 4146 1116 4210; x_wconf 82' lang='lat' dir='ltr'><strong>inventa</strong></span> <span class='ocrx_word' id='word_1_271' title='bbox 1146 4150 1200 4207; x_wconf 88' lang='lat' dir='ltr'><strong>est</strong></span> <span class='ocrx_word' id='word_1_272' title='bbox 1228 4149 1263 4206; x_wconf 90' lang='lat' dir='ltr'><strong>et</strong></span> <span class='ocrx_word' id='word_1_273' title='bbox 1285 4147 1359 4210; x_wconf 87' lang='lat' dir='ltr'><strong>sine</strong></span> 
     </span>
     <span class='ocr_line' id='line_1_38' title="bbox 408 4245 1359 4337; baseline 0.005 -31"><span class='ocrx_word' id='word_1_274' title='bbox 408 4246 518 4328; x_wconf 83' lang='lat' dir='ltr'><strong>pretio</strong></span> <span class='ocrx_word' id='word_1_275' title='bbox 540 4254 641 4337; x_wconf 84' lang='lat' dir='ltr'><strong>parta</strong></span> <span class='ocrx_word' id='word_1_276' title='bbox 655 4246 799 4310; x_wconf 90' lang='lat' dir='ltr'><strong>materia</strong></span> <span class='ocrx_word' id='word_1_277' title='bbox 812 4245 848 4309; x_wconf 92' lang='lat' dir='ltr'><strong>in</strong></span> <span class='ocrx_word' id='word_1_278' title='bbox 862 4246 1007 4310; x_wconf 88' lang='lat' dir='ltr'><strong>ecclesia</strong></span> <span class='ocrx_word' id='word_1_279' title='bbox 1019 4245 1098 4321; x_wconf 88' lang='lat' dir='ltr'><strong>loci,</strong></span> <span class='ocrx_word' id='word_1_280' title='bbox 1113 4263 1191 4326; x_wconf 84' lang='lat' dir='ltr'><strong>quac</strong></span> <span class='ocrx_word' id='word_1_281' title='bbox 1207 4245 1359 4325; x_wconf 87' lang='lat' dir='ltr'><strong>perfecta</strong></span> 
     </span>
    </p>
   </div>
   <div class='ocr_carea' id='block_1_3' title="bbox 0 0 1608 5036">
    <p class='ocr_par' dir='ltr' id='par_1_6' title="bbox 0 0 1608 5036">
     <span class='ocr_line' id='line_1_39' title="bbox 0 0 1608 5036; baseline 0 4"><span class='ocrx_word' id='word_1_282' title='bbox 0 0 1608 5036; x_wconf 95' lang='lat' dir='ltr'><strong> </strong></span> 
     </span>
    </p>
   </div>
  </div>
 </body>
</html>
