3208 5036
357 419 415 488 ,28
523 435 527 442 ·
622 437 807 486 arciacus
831 435 1046 484 nivrsrausrs

205 605 355 654 A.D.1191.
369 597 486 661 dulces
512 597 787 661 deosculationes
814 595 963 677 gloriose
987 595 1189 671 deductam,
1208 593 1319 660 redire

369 698 451 762 fecit
465 719 542 761 cum
559 697 827 780 archiepiscopo,
841 703 977 759 retenta
990 696 1055 758 sibi
1071 695 1199 778 puella,
1214 714 1318 778 quam

369 799 565 880 quaesierat,
577 805 612 862 et
626 798 705 861 fidei
716 798 843 861 sororis
859 815 931 860 suae
943 796 1085 872 credita,
1097 815 1175 879 quae
1185 796 1261 880 jam
1272 796 1317 860 ad

369 918 548 963 occursum
565 899 685 962 matris
699 899 736 960 in
751 905 866 961 castra
880 897 1041 960 redierat.

420 999 501 1083 §34
517 999 540 1062 J
543 999 696 1063 ohannes
709 998 917 1062 Exoniensis
929 998 1110 1079 episcopus
1121 995 1210 1059 diem
1222 996 1316 1060 olau—
1346 1009 1361 1054 ⁵

368 1100 415 1162 sit
430 1106 633 1163 extremum.

418 1199 602 1263 Savaricus
617 1198 877 1263 archidiaconus
890 1197 1180 1274 Northamtoniae,
1194 1196 1321 1279 etipse

367 1319 458 1362 unus
481 1320 526 1363 ex
549 1300 717 1382 plurimis
731 1300 792 1381 qui
814 1318 931 1380 regem
954 1297 1093 1380 Angliae
1119 1318 1164 1361 ex
1186 1295 1320 1379 Anglia

367 1401 541 1481 prosecuti
565 1406 647 1462 suut
675 1400 712 1461 in
742 1398 906 1475 Siciliam,
931 1398 1079 1463 donatus
1106 1406 1162 1462 est
1187 1417 1209 1460 a
1235 1417 1316 1479 rege

366 1500 475 1563 literis
495 1501 693 1581 patentibus
716 1499 752 1562 in
776 1499 896 1562 matris
920 1500 1010 1580 regis
1024 1499 1256 1581 praesentiam,
1272 1498 1315 1580 ad
1330 1504 1366 1550 1⁰

362 1599 574 1682 justiciarios
604 1597 755 1680 Angliae,
785 1617 964 1662 assensum
1000 1600 1094 1680 regis
1123 1606 1160 1662 et
1187 1598 1316 1681 aliquid

367 1699 480 1784 majus
495 1719 638 1763 assensu
647 1701 913 1776 continentibus
922 1707 962 1763 ut
975 1700 1011 1762 in
1027 1699 1215 1782 quamlibet
1228 1698 1315 1762 dioe-

368 1801 473 1863 cesim
484 1808 666 1864 vacantem
681 1800 770 1864 soret
784 1801 912 1864 electus
928 1807 1198 1882 promoveretur.
1237 1799 1315 1862 Hos

368 1901 483 1983 apices
520 1901 702 1965 savaricus
740 1901 833 1963 misit
868 1907 1017 1981 cognato
1055 1919 1118 1963 suo
1155 1901 1321 1982 episcopo·

370 2001 553 2064 Bathoniae
583 2003 619 2064 in
645 1999 821 2082 Angliam,
846 2000 923 2083 ipse
951 2020 1032 2064 vero
1059 1999 1207 2064 Romam
1235 2007 1365 2063 con-1⁵

369 2102 483 2178 cessit,
500 2102 590 2165 sicut
604 2102 663 2183 qui
678 2101 790 2164 fuerat
805 2100 973 2164 Romanis
986 2101 1196 2164 notissimus

204 2199 256 2237 *Μ’
273 2197 346 2239 “iffi
422 2200 439 2284 §
461 2201 515 2264 35.
540 2201 711 2265 Ricardus
727 2221 789 2264 rex
802 2198 953 2282 Angliae,
977 2201 1085 2265 literis
1100 2201 1137 2263 in
1153 2198 1318 2281 Angliam

205 2250 229 2288 of
235 2260 314 2288 recom-

203 2300 564 2390 ffgssdffifflflestinatis,
580 2302 644 2366 toti
665 2321 772 2383 regno
792 2321 855 2364 suo
869 2300 1063 2365 valedicens
1086 2307 1122 2364 et
1144 2300 1186 2364 de
1209 2301 1318 2364 hono-

372 2402 479 2465 rando
490 2403 534 2466 ab
543 2404 699 2465 omnibus
710 2401 924 2465 Cancellario
935 2421 1102 2465 summam
1111 2401 1318 2464 mentionem

368 2501 510 2578 faciens
537 2510 660 2583 parata
684 2503 793 2566 classe
817 2521 881 2565 sua
904 2503 1043 2566 meliore
1067 2521 1171 2582 quam
1197 2502 1318 2578 multa,
1330 2508 1366 2552 2⁰

369 2621 447 2664 cum
463 2602 618 2666 exercitu
633 2602 742 2665 electo
767 2609 802 2666 et
825 2601 917 2679 sorti,
931 2622 1009 2665 cum
1024 2602 1047 2665 J
1050 2600 1189 2666 ohanna
1202 2621 1320 2665 sorore

368 2720 432 2764 sua
445 2720 486 2764 ac
498 2703 631 2783 virgine
647 2701 851 2778 maritanda,
868 2722 944 2765 cum
963 2703 1120 2766 omnibus
1135 2721 1213 2784 quae
1229 2721 1319 2785 pug-

369 2802 501 2865 naturis
529 2810 590 2866 aut
617 2821 760 2885 peregre
791 2801 996 2883 profecturis
1023 2803 1217 2866 necessaria
1243 2821 1319 2866 esse

368 2909 540 2984 poterant,
551 2911 655 2965 vento
664 2903 743 2967 vela
754 2903 935 2979 commisit,
944 2910 1068 2984 quarto
1085 2902 1162 2965 idus
1172 2901 1315 2984 Aprilis.

371 3003 429 3084 [10
450 3000 580 3085 April]
634 3002 678 3066 In
693 3003 802 3067 classe
818 3010 934 3066 autem
948 3010 1047 3066 erant
1057 3021 1164 3067 naves
1179 3011 1316 3066 centum
1329 3017 1360 3061 aa

368 3104 620 3185 quinquaginta
647 3112 682 3166 et
710 3122 784 3176 sex,
809 3110 958 3184 quatuor
979 3112 1014 3166 et
1041 3103 1165 3184 viginti
1186 3105 1318 3180 buccae,

368 3203 478 3284 galeae
494 3205 639 3285 triginta
655 3212 690 3267 et
705 3223 827 3267 novem
840 3223 848 3281 3
866 3223 1000 3267 summa
1010 3223 1172 3268 vasorum
1184 3203 1317 3267 ducena

367 3303 483 3367 decem
498 3312 602 3386 atque
619 3325 753 3369 novem.

419 3404 505 3486 §36.
527 3404 819 3487 Rothomagensis
834 3405 1111 3487 archiepiscopus
1125 3405 1221 3469 venit
1240 3402 1318 3468 An-

368 3502 472 3583 gliam
498 3503 542 3567 ad
568 3504 831 3582 Cancellarinm,
858 3524 972 3586 aquo
998 3514 1179 3587 susceptus
1205 3512 1258 3568 est
1281 3511 1316 3568 et
1329 3523 1360 3568 ao

368 3603 541 3666 exhibitus
565 3602 763 3682 honorifice,
786 3613 821 3669 et
843 3606 952 3668 multo
979 3605 1100 3668 melius
1124 3623 1229 3687 quam
1252 3625 1315 3667 rex

367 3703 603 3767 mandaverat.
649 3704 829 3769 Subsecuti
854 3714 936 3768 sunt
959 3712 994 3769 et
1016 3705 1076 3768 alii
1098 3726 1175 3768 cum
1198 3705 1317 3768 multis

205 3395 246 3434 His
256 3396 342 3435 behavi·

205 3457 253 3492 our;

399 3956 672 4022 ¹⁷Literieinringliam
679 3962 827 4026 destinatio]
852 3965 893 4012 the
905 3964 990 4012 affairs
1006 3963 1034 4010 of
1050 3963 1176 4024 England,
1186 3963 1247 4011 than
1264 3963 1316 4010 had

367 4030 487 4092 Richard,
503 4033 537 4091 by
556 4032 596 4079 his
614 4032 687 4080 letter
704 4032 781 4080 dated
802 4039 829 4082 at
852 4035 915 4083 been
926 4033 1054 4082 antrusted
1068 4038 1093 4082 to
1105 4034 1146 4081 the
1159 4033 1316 4094 Chanoellor,

366 4101 490 4162 Massiua,
507 4101 567 4148 aoth
579 4102 717 4162 February,
731 4103 800 4164 gives
813 4119 828 4152 a
852 4104 1160 4153 orthaearlofMortnine.
1181 4103 1234 4151 The
1242 4105 1316 4152 letter

365 4170 455 4231 higher
470 4186 557 4232 power
572 4177 597 4219 to
613 4173 655 4220 the
678 4173 827 4234 archbiehop
853 4189 910 4235 may
929 4176 960 4222 be
983 4188 1042 4222 seen
1065 4175 1091 4220 in
1109 4175 1169 4220 Vita
1185 4173 1315 4234 Gaufridi‚

365 4241 394 4289 of
402 4241 491 4290 Rouen
510 4241 536 4288 iu
554 4242 596 4290 the
613 4247 787 4304 management
804 4244 832 4291 of
853 4245 972 4305 Archiep.
985 4244 1092 4292 Eborac.
1104 4244 1131 4292 ii.
1144 4247 1168 4292 6.
