<?xml version="1.0" encoding="UTF-8"?>
<!DOCTYPE html PUBLIC "-//W3C//DTD XHTML 1.0 Transitional//EN"
    "http://www.w3.org/TR/xhtml1/DTD/xhtml1-transitional.dtd">
<html xmlns="http://www.w3.org/1999/xhtml" xml:lang="en" lang="en">
 <head>
  <title>
</title>
<meta http-equiv="Content-Type" content="text/html;charset=utf-8" />
  <meta name='ocr-system' content='tesseract 3.04.00' />
  <meta name='ocr-capabilities' content='ocr_page ocr_carea ocr_par ocr_line ocrx_word'/>
</head>
<body>
  <div class='ocr_page' id='page_1' title='image "./chroniconricard00stevgoog_0052.png"; bbox 0 0 3208 5036; ppageno 0'>
   <div class='ocr_carea' id='block_1_1' title="bbox 403 475 1204 539">
    <p class='ocr_par' dir='ltr' id='par_1_1' title="bbox 403 475 1204 539">
     <span class='ocr_line' id='line_1_1' title="bbox 403 475 1204 539; baseline 0.005 -4"><span class='ocrx_word' id='word_1_1' title='bbox 403 489 451 536; x_wconf 82' lang='lat' dir='ltr'><strong>nn</strong></span> <span class='ocrx_word' id='word_1_2' title='bbox 475 486 591 538; x_wconf 80' lang='lat' dir='ltr'><strong>nunus</strong></span> <span class='ocrx_word' id='word_1_3' title='bbox 615 489 736 536; x_wconf 80' lang='lat' dir='ltr'><strong>onsms</strong></span> <span class='ocrx_word' id='word_1_4' title='bbox 761 490 912 538; x_wconf 74' lang='lat' dir='ltr'><strong>arenant</strong></span> <span class='ocrx_word' id='word_1_5' title='bbox 938 492 1053 538; x_wconf 80' lang='lat' dir='ltr'>PRIMI.</span> <span class='ocrx_word' id='word_1_6' title='bbox 1160 475 1204 539; x_wconf 84' lang='lat'><strong>33</strong></span> 
     </span>
    </p>
   </div>
   <div class='ocr_carea' id='block_1_2' title="bbox 114 648 1365 4263">
    <p class='ocr_par' dir='ltr' id='par_1_2' title="bbox 114 648 1365 4263">
     <span class='ocr_line' id='line_1_2' title="bbox 253 648 1365 732; baseline 0.004 -20"><span class='ocrx_word' id='word_1_7' title='bbox 253 649 346 732; x_wconf 82' lang='lat' dir='ltr'><strong>episc</strong></span> <span class='ocrx_word' id='word_1_8' title='bbox 356 648 682 732; x_wconf 72' lang='lat' dir='ltr'><strong>rpi,Wint0niensis,</strong></span> <span class='ocrx_word' id='word_1_9' title='bbox 693 650 942 729; x_wconf 88' lang='lat' dir='ltr'><strong>Londonensis,</strong></span> <span class='ocrx_word' id='word_1_10' title='bbox 954 659 990 715; x_wconf 92' lang='lat' dir='ltr'><strong>et</strong></span> <span class='ocrx_word' id='word_1_11' title='bbox 1003 650 1202 716; x_wconf 91' lang='lat' dir='ltr'><strong>Bathonen-</strong></span> <span class='ocrx_word' id='word_1_12' title='bbox 1215 664 1365 717; x_wconf 64' lang='lat' dir='ltr'><strong>aanor.</strong></span> 
     </span>
     <span class='ocr_line' id='line_1_3' title="bbox 254 737 1202 835; baseline 0.006 -23"><span class='ocrx_word' id='word_1_13' title='bbox 254 751 313 827; x_wconf 78' lang='lat' dir='ltr'><strong>siS,</strong></span> <span class='ocrx_word' id='word_1_14' title='bbox 327 751 364 813; x_wconf 88' lang='lat' dir='ltr'><strong>in</strong></span> <span class='ocrx_word' id='word_1_15' title='bbox 381 770 525 833; x_wconf 89' lang='lat' dir='ltr'><strong>quorum</strong></span> <span class='ocrx_word' id='word_1_16' title='bbox 540 737 739 816; x_wconf 88' lang='lat' dir='ltr'><strong>fidelitatem</strong></span> <span class='ocrx_word' id='word_1_17' title='bbox 755 760 900 834; x_wconf 91' lang='lat' dir='ltr'><strong>utraque</strong></span> <span class='ocrx_word' id='word_1_18' title='bbox 920 772 1001 835; x_wconf 91' lang='lat' dir='ltr'><strong>pars</strong></span> <span class='ocrx_word' id='word_1_19' title='bbox 1024 773 1145 817; x_wconf 87' lang='lat' dir='ltr'><strong>secura</strong></span> <span class='ocrx_word' id='word_1_20' title='bbox 1165 773 1202 818; x_wconf 87' lang='lat' dir='ltr'><strong>se</strong></span> 
     </span>
     <span class='ocr_line' id='line_1_4' title="bbox 255 851 1201 935; baseline 0.004 -22"><span class='ocrx_word' id='word_1_21' title='bbox 255 851 410 916; x_wconf 91' lang='lat' dir='ltr'><strong>credidit.</strong></span> <span class='ocrx_word' id='word_1_22' title='bbox 442 852 606 935; x_wconf 88' lang='lat' dir='ltr'><strong>Episcopi</strong></span> <span class='ocrx_word' id='word_1_23' title='bbox 615 853 794 934; x_wconf 86' lang='lat' dir='ltr'><strong>elegerunt</strong></span> <span class='ocrx_word' id='word_1_24' title='bbox 802 852 845 915; x_wconf 89' lang='lat' dir='ltr'><strong>ad</strong></span> <span class='ocrx_word' id='word_1_25' title='bbox 855 861 988 934; x_wconf 88' lang='lat' dir='ltr'><strong>partem</strong></span> <span class='ocrx_word' id='word_1_26' title='bbox 996 852 1201 918; x_wconf 85' lang='lat' dir='ltr'><strong>Cancellarii</strong></span> 
     </span>
     <span class='ocr_line' id='line_1_5' title="bbox 255 951 1200 1034; baseline 0.004 -20"><span class='ocrx_word' id='word_1_27' title='bbox 255 960 325 1016; x_wconf 90' lang='lat' dir='ltr'><strong>tres</strong></span> <span class='ocrx_word' id='word_1_28' title='bbox 347 953 501 1030; x_wconf 76' lang='lat' dir='ltr'><strong>comiteS,</strong></span> <span class='ocrx_word' id='word_1_29' title='bbox 520 953 563 1016; x_wconf 93' lang='lat' dir='ltr'><strong>de</strong></span> <span class='ocrx_word' id='word_1_30' title='bbox 579 952 769 1031; x_wconf 90' lang='lat' dir='ltr'><strong>Warenna,</strong></span> <span class='ocrx_word' id='word_1_31' title='bbox 785 953 827 1017; x_wconf 91' lang='lat' dir='ltr'><strong>de</strong></span> <span class='ocrx_word' id='word_1_32' title='bbox 841 951 1010 1030; x_wconf 87' lang='lat' dir='ltr'><strong>Arundel,</strong></span> <span class='ocrx_word' id='word_1_33' title='bbox 1025 954 1067 1017; x_wconf 91' lang='lat' dir='ltr'><strong>de</strong></span> <span class='ocrx_word' id='word_1_34' title='bbox 1085 952 1200 1034; x_wconf 87' lang='lat' dir='ltr'><strong>Clara,</strong></span> 
     </span>
     <span class='ocr_line' id='line_1_6' title="bbox 227 1052 1202 1137; baseline 0.002 -19"><span class='ocrx_word' id='word_1_35' title='bbox 227 1060 290 1118; x_wconf 79' lang='lat' dir='ltr'><strong>set</strong></span> <span class='ocrx_word' id='word_1_36' title='bbox 313 1053 481 1134; x_wconf 91' lang='lat' dir='ltr'><strong>quosdam</strong></span> <span class='ocrx_word' id='word_1_37' title='bbox 510 1054 596 1118; x_wconf 90' lang='lat' dir='ltr'><strong>alios</strong></span> <span class='ocrx_word' id='word_1_38' title='bbox 624 1060 702 1118; x_wconf 84' lang='lat' dir='ltr'><strong>octo</strong></span> <span class='ocrx_word' id='word_1_39' title='bbox 729 1055 935 1118; x_wconf 77' lang='lat' dir='ltr'><strong>nominatos</strong></span> <span class='ocrx_word' id='word_1_40' title='bbox 987 1052 1044 1118; x_wconf 89' lang='lat' dir='ltr'><strong>Ad</strong></span> <span class='ocrx_word' id='word_1_41' title='bbox 1067 1063 1202 1137; x_wconf 89' lang='lat' dir='ltr'><strong>partem</strong></span> 
     </span>
     <span class='ocr_line' id='line_1_7' title="bbox 256 1154 1199 1237; baseline 0.001 -20"><span class='ocrx_word' id='word_1_42' title='bbox 256 1155 402 1232; x_wconf 87' lang='lat' dir='ltr'><strong>comitis,</strong></span> <span class='ocrx_word' id='word_1_43' title='bbox 423 1154 636 1237; x_wconf 82' lang='lat' dir='ltr'><strong>Stephanum</strong></span> <span class='ocrx_word' id='word_1_44' title='bbox 652 1154 766 1232; x_wconf 91' lang='lat' dir='ltr'><strong>Ridel,</strong></span> <span class='ocrx_word' id='word_1_45' title='bbox 790 1155 923 1218; x_wconf 90' lang='lat' dir='ltr'><strong>comitis</strong></span> <span class='ocrx_word' id='word_1_46' title='bbox 945 1155 1199 1234; x_wconf 87' lang='lat' dir='ltr'><strong>cancellarium,</strong></span> 
     </span>
     <span class='ocr_line' id='line_1_8' title="bbox 258 1254 1199 1336; baseline 0.002 -18"><span class='ocrx_word' id='word_1_47' title='bbox 258 1254 468 1319; x_wconf 91' lang='lat' dir='ltr'><strong>Willelmum</strong></span> <span class='ocrx_word' id='word_1_48' title='bbox 488 1255 531 1319; x_wconf 91' lang='lat' dir='ltr'><strong>de</strong></span> <span class='ocrx_word' id='word_1_49' title='bbox 546 1255 739 1332; x_wconf 88' lang='lat' dir='ltr'><strong>Venneval,</strong></span> <span class='ocrx_word' id='word_1_50' title='bbox 757 1255 989 1336; x_wconf 82' lang='lat' dir='ltr'><strong>Reginaldum</strong></span> <span class='ocrx_word' id='word_1_51' title='bbox 1005 1256 1199 1320; x_wconf 88' lang='lat' dir='ltr'><strong>deWasse-</strong></span> 
     </span>
     <span class='ocr_line' id='line_1_9' title="bbox 259 1355 1199 1438; baseline 0.003 -19"><span class='ocrx_word' id='word_1_52' title='bbox 259 1356 348 1434; x_wconf 89' lang='lat' dir='ltr'><strong>ville,</strong></span> <span class='ocrx_word' id='word_1_53' title='bbox 360 1363 395 1420; x_wconf 88' lang='lat' dir='ltr'><strong>et</strong></span> <span class='ocrx_word' id='word_1_54' title='bbox 408 1356 575 1438; x_wconf 88' lang='lat' dir='ltr'><strong>quosdam</strong></span> <span class='ocrx_word' id='word_1_55' title='bbox 584 1357 670 1420; x_wconf 90' lang='lat' dir='ltr'><strong>alios</strong></span> <span class='ocrx_word' id='word_1_56' title='bbox 681 1364 760 1420; x_wconf 90' lang='lat' dir='ltr'><strong>octo</strong></span> <span class='ocrx_word' id='word_1_57' title='bbox 769 1358 975 1421; x_wconf 90' lang='lat' dir='ltr'><strong>nominatos.</strong></span> <span class='ocrx_word' id='word_1_58' title='bbox 1006 1355 1072 1420; x_wconf 90' lang='lat' dir='ltr'><strong>Isti</strong></span> <span class='ocrx_word' id='word_1_59' title='bbox 1081 1377 1199 1422; x_wconf 91' lang='lat' dir='ltr'><strong>omnes</strong></span> 
     </span>
     <span class='ocr_line' id='line_1_10' title="bbox 250 1451 1199 1539; baseline 0.002 -20"><span class='ocrx_word' id='word_1_60' title='bbox 250 1455 468 1539; x_wconf 90' lang='lat' dir='ltr'><strong>juraverunt,</strong></span> <span class='ocrx_word' id='word_1_61' title='bbox 484 1458 542 1521; x_wconf 91' lang='lat' dir='ltr'><strong>alii</strong></span> <span class='ocrx_word' id='word_1_62' title='bbox 561 1457 737 1539; x_wconf 90' lang='lat' dir='ltr'><strong>inspectis,</strong></span> <span class='ocrx_word' id='word_1_63' title='bbox 758 1459 816 1521; x_wconf 91' lang='lat' dir='ltr'><strong>alii</strong></span> <span class='ocrx_word' id='word_1_64' title='bbox 835 1451 951 1535; x_wconf 78' lang='lat' dir='ltr'><strong>tactiS,</strong></span> <span class='ocrx_word' id='word_1_65' title='bbox 970 1459 1199 1522; x_wconf 86' lang='lat' dir='ltr'><strong>sacrosanctis</strong></span> 
     </span>
     <span class='ocr_line' id='line_1_11' title="bbox 209 1557 1198 1641; baseline 0.007 -26"><span class='ocrx_word' id='word_1_66' title='bbox 209 1569 242 1616; x_wconf 82' lang='lat'><strong>10</strong></span> <span class='ocrx_word' id='word_1_67' title='bbox 256 1557 466 1640; x_wconf 83' lang='lat' dir='ltr'><strong>Evangeliis,</strong></span> <span class='ocrx_word' id='word_1_68' title='bbox 482 1577 520 1622; x_wconf 90' lang='lat' dir='ltr'><strong>se</strong></span> <span class='ocrx_word' id='word_1_69' title='bbox 541 1559 741 1641; x_wconf 83' lang='lat' dir='ltr'><strong>provisuros</strong></span> <span class='ocrx_word' id='word_1_70' title='bbox 763 1559 855 1622; x_wconf 90' lang='lat' dir='ltr'><strong>inter</strong></span> <span class='ocrx_word' id='word_1_71' title='bbox 876 1559 1035 1622; x_wconf 90' lang='lat' dir='ltr'><strong>comitem</strong></span> <span class='ocrx_word' id='word_1_72' title='bbox 1055 1566 1090 1622; x_wconf 88' lang='lat' dir='ltr'><strong>ct</strong></span> <span class='ocrx_word' id='word_1_73' title='bbox 1106 1558 1198 1622; x_wconf 89' lang='lat' dir='ltr'><strong>Can-</strong></span> 
     </span>
     <span class='ocr_line' id='line_1_12' title="bbox 255 1659 1199 1742; baseline 0.002 -22"><span class='ocrx_word' id='word_1_74' title='bbox 255 1659 431 1724; x_wconf 90' lang='lat' dir='ltr'><strong>cellarium</strong></span> <span class='ocrx_word' id='word_1_75' title='bbox 445 1660 486 1723; x_wconf 93' lang='lat' dir='ltr'><strong>de</strong></span> <span class='ocrx_word' id='word_1_76' title='bbox 496 1660 643 1742; x_wconf 82' lang='lat' dir='ltr'><strong>querelis</strong></span> <span class='ocrx_word' id='word_1_77' title='bbox 656 1679 775 1724; x_wconf 91' lang='lat' dir='ltr'><strong>corum</strong></span> <span class='ocrx_word' id='word_1_78' title='bbox 789 1659 1080 1741; x_wconf 88' lang='lat' dir='ltr'><strong>etquaestionibus</strong></span> <span class='ocrx_word' id='word_1_79' title='bbox 1095 1661 1199 1723; x_wconf 81' lang='lat' dir='ltr'><strong>satis-</strong></span> 
     </span>
     <span class='ocr_line' id='line_1_13' title="bbox 254 1757 1198 1843; baseline 0.005 -23"><span class='ocrx_word' id='word_1_80' title='bbox 254 1757 439 1825; x_wconf 77' lang='lat' dir='ltr'>factionem</span> <span class='ocrx_word' id='word_1_81' title='bbox 458 1760 502 1823; x_wconf 92' lang='lat' dir='ltr'><strong>ad</strong></span> <span class='ocrx_word' id='word_1_82' title='bbox 522 1761 687 1824; x_wconf 87' lang='lat' dir='ltr'><strong>honorem</strong></span> <span class='ocrx_word' id='word_1_83' title='bbox 704 1760 882 1842; x_wconf 89' lang='lat' dir='ltr'><strong>utriusque</strong></span> <span class='ocrx_word' id='word_1_84' title='bbox 902 1760 1011 1842; x_wconf 87' lang='lat' dir='ltr'><strong>partis</strong></span> <span class='ocrx_word' id='word_1_85' title='bbox 1029 1767 1064 1824; x_wconf 91' lang='lat' dir='ltr'><strong>et</strong></span> <span class='ocrx_word' id='word_1_86' title='bbox 1077 1780 1198 1843; x_wconf 90' lang='lat' dir='ltr'><strong>pacem</strong></span> 
     </span>
     <span class='ocr_line' id='line_1_14' title="bbox 254 1860 1198 1943; baseline 0.003 -21"><span class='ocrx_word' id='word_1_87' title='bbox 254 1862 363 1942; x_wconf 84' lang='lat' dir='ltr'><strong>regni.</strong></span> <span class='ocrx_word' id='word_1_88' title='bbox 416 1862 462 1925; x_wconf 90' lang='lat' dir='ltr'><strong>Et</strong></span> <span class='ocrx_word' id='word_1_89' title='bbox 471 1860 502 1924; x_wconf 90' lang='lat' dir='ltr'><strong>si</strong></span> <span class='ocrx_word' id='word_1_90' title='bbox 512 1861 593 1943; x_wconf 93' lang='lat' dir='ltr'><strong>quid</strong></span> <span class='ocrx_word' id='word_1_91' title='bbox 605 1862 765 1943; x_wconf 87' lang='lat' dir='ltr'><strong>deinceps</strong></span> <span class='ocrx_word' id='word_1_92' title='bbox 773 1862 931 1924; x_wconf 89' lang='lat' dir='ltr'><strong>intereos</strong></span> <span class='ocrx_word' id='word_1_93' title='bbox 943 1861 1198 1925; x_wconf 88' lang='lat' dir='ltr'><strong>contrarietatis</strong></span> 
     </span>
     <span class='ocr_line' id='line_1_15' title="bbox 254 1960 1198 2038; baseline 0.004 -16"><span class='ocrx_word' id='word_1_94' title='bbox 254 1963 440 2038; x_wconf 81' lang='lat' dir='ltr'><strong>emerserit,</strong></span> <span class='ocrx_word' id='word_1_95' title='bbox 454 1961 601 2026; x_wconf 90' lang='lat' dir='ltr'><strong>fideliter</strong></span> <span class='ocrx_word' id='word_1_96' title='bbox 614 1961 859 2026; x_wconf 88' lang='lat' dir='ltr'><strong>terminabunt.</strong></span> <span class='ocrx_word' id='word_1_97' title='bbox 911 1960 1033 2025; x_wconf 86' lang='lat' dir='ltr'><strong>Comes</strong></span> <span class='ocrx_word' id='word_1_98' title='bbox 1047 1963 1151 2025; x_wconf 88' lang='lat' dir='ltr'><strong>etiam</strong></span> <span class='ocrx_word' id='word_1_99' title='bbox 1163 1970 1198 2026; x_wconf 88' lang='lat' dir='ltr'><strong>et</strong></span> 
     </span>
     <span class='ocr_line' id='line_1_16' title="bbox 209 2057 1320 2147; baseline 0.003 -23"><span class='ocrx_word' id='word_1_100' title='bbox 209 2073 240 2118; x_wconf 75' lang='lat'><strong>1⁶</strong></span> <span class='ocrx_word' id='word_1_101' title='bbox 256 2058 490 2127; x_wconf 87' lang='lat' dir='ltr'><strong>Cancellarius</strong></span> <span class='ocrx_word' id='word_1_102' title='bbox 508 2063 715 2147; x_wconf 89' lang='lat' dir='ltr'><strong>juraverunt</strong></span> <span class='ocrx_word' id='word_1_103' title='bbox 737 2063 831 2126; x_wconf 90' lang='lat' dir='ltr'><strong>sein</strong></span> <span class='ocrx_word' id='word_1_104' title='bbox 855 2060 1017 2144; x_wconf 89' lang='lat' dir='ltr'><strong>quicquid</strong></span> <span class='ocrx_word' id='word_1_105' title='bbox 1041 2062 1198 2143; x_wconf 86' lang='lat' dir='ltr'><strong>praedicti</strong></span> <span class='ocrx_word' id='word_1_106' title='bbox 1313 2057 1320 2065; x_wconf 80' lang='grc'><strong>’</strong></span> 
     </span>
     <span class='ocr_line' id='line_1_17' title="bbox 250 2161 1197 2247; baseline 0.001 -22"><span class='ocrx_word' id='word_1_107' title='bbox 250 2161 424 2246; x_wconf 90' lang='lat' dir='ltr'><strong>juratores</strong></span> <span class='ocrx_word' id='word_1_108' title='bbox 449 2164 663 2247; x_wconf 88' lang='lat' dir='ltr'><strong>providerint</strong></span> <span class='ocrx_word' id='word_1_109' title='bbox 690 2182 937 2243; x_wconf 87' lang='lat' dir='ltr'><strong>consensuros;</strong></span> <span class='ocrx_word' id='word_1_110' title='bbox 968 2162 1100 2226; x_wconf 87' lang='lat' dir='ltr'><strong>ethaeo</strong></span> <span class='ocrx_word' id='word_1_111' title='bbox 1131 2162 1197 2226; x_wconf 84' lang='lat' dir='ltr'><strong>suit</strong></span> 
     </span>
     <span class='ocr_line' id='line_1_18' title="bbox 252 2255 1197 2345; baseline 0 -19"><span class='ocrx_word' id='word_1_112' title='bbox 252 2255 416 2344; x_wconf 86' lang='lat' dir='ltr'><strong>provisio.</strong></span> <span class='ocrx_word' id='word_1_113' title='bbox 469 2263 618 2329; x_wconf 87' lang='lat' dir='ltr'><strong>Girardo</strong></span> <span class='ocrx_word' id='word_1_114' title='bbox 634 2265 676 2328; x_wconf 91' lang='lat' dir='ltr'><strong>de</strong></span> <span class='ocrx_word' id='word_1_115' title='bbox 692 2263 872 2328; x_wconf 88' lang='lat' dir='ltr'><strong>Camwilla</strong></span> <span class='ocrx_word' id='word_1_116' title='bbox 886 2264 923 2326; x_wconf 96' lang='lat' dir='ltr'><strong>in</strong></span> <span class='ocrx_word' id='word_1_117' title='bbox 938 2264 1085 2345; x_wconf 82' lang='lat' dir='ltr'><strong>gratiam</strong></span> <span class='ocrx_word' id='word_1_118' title='bbox 1103 2262 1197 2326; x_wconf 64' lang='lat' dir='ltr'><strong>Can«</strong></span> 
     </span>
     <span class='ocr_line' id='line_1_19' title="bbox 254 2364 1218 2448; baseline 0.001 -22"><span class='ocrx_word' id='word_1_119' title='bbox 254 2364 383 2429; x_wconf 89' lang='lat' dir='ltr'><strong>cellarii</strong></span> <span class='ocrx_word' id='word_1_120' title='bbox 404 2373 554 2448; x_wconf 90' lang='lat' dir='ltr'><strong>recepto,</strong></span> <span class='ocrx_word' id='word_1_121' title='bbox 585 2366 751 2429; x_wconf 87' lang='lat' dir='ltr'><strong>remansit</strong></span> <span class='ocrx_word' id='word_1_122' title='bbox 777 2365 828 2430; x_wconf 91' lang='lat' dir='ltr'><strong>illi</strong></span> <span class='ocrx_word' id='word_1_123' title='bbox 856 2365 892 2428; x_wconf 90' lang='lat' dir='ltr'><strong>in</strong></span> <span class='ocrx_word' id='word_1_124' title='bbox 922 2365 1014 2428; x_wconf 90' lang='lat' dir='ltr'><strong>bono</strong></span> <span class='ocrx_word' id='word_1_125' title='bbox 1046 2372 1081 2427; x_wconf 91' lang='lat' dir='ltr'><strong>et</strong></span> <span class='ocrx_word' id='word_1_126' title='bbox 1110 2383 1218 2446; x_wconf 86' lang='lat' dir='ltr'><strong>pace¹</strong></span> 
     </span>
     <span class='ocr_line' id='line_1_20' title="bbox 253 2464 1195 2548; baseline 0 -20"><span class='ocrx_word' id='word_1_127' title='bbox 253 2466 410 2529; x_wconf 87' lang='lat' dir='ltr'><strong>custodia</strong></span> <span class='ocrx_word' id='word_1_128' title='bbox 424 2467 528 2530; x_wconf 87' lang='lat' dir='ltr'><strong>castri</strong></span> <span class='ocrx_word' id='word_1_129' title='bbox 542 2467 585 2530; x_wconf 92' lang='grc'>(16</span> <span class='ocrx_word' id='word_1_130' title='bbox 602 2466 801 2546; x_wconf 82' lang='lat' dir='ltr'><strong>Lincolnia3</strong></span> <span class='ocrx_word' id='word_1_131' title='bbox 824 2483 938 2529; x_wconf 87' lang='lat' dir='ltr'><strong>comes</strong></span> <span class='ocrx_word' id='word_1_132' title='bbox 957 2464 1106 2548; x_wconf 83' lang='lat' dir='ltr'><strong>reddidit</strong></span> <span class='ocrx_word' id='word_1_133' title='bbox 1120 2484 1195 2528; x_wconf 51' lang='lat' dir='ltr'><strong>cas*</strong></span> 
     </span>
     <span class='ocr_line' id='line_1_21' title="bbox 208 2565 1197 2651; baseline 0 -22"><span class='ocrx_word' id='word_1_134' title='bbox 208 2583 241 2628; x_wconf 76' lang='lat' dir='ltr'><strong>eo</strong></span> <span class='ocrx_word' id='word_1_135' title='bbox 254 2567 338 2630; x_wconf 85' lang='lat' dir='ltr'><strong>tella</strong></span> <span class='ocrx_word' id='word_1_136' title='bbox 353 2575 431 2651; x_wconf 86' lang='lat' dir='ltr'><strong>quae</strong></span> <span class='ocrx_word' id='word_1_137' title='bbox 452 2574 601 2650; x_wconf 89' lang='lat' dir='ltr'><strong>ceperat,</strong></span> <span class='ocrx_word' id='word_1_138' title='bbox 618 2587 696 2650; x_wconf 88' lang='lat' dir='ltr'><strong>quae</strong></span> <span class='ocrx_word' id='word_1_139' title='bbox 714 2573 853 2649; x_wconf 91' lang='lat' dir='ltr'><strong>recepta</strong></span> <span class='ocrx_word' id='word_1_140' title='bbox 868 2565 1103 2630; x_wconf 88' lang='lat' dir='ltr'><strong>Cancellarius</strong></span> <span class='ocrx_word' id='word_1_141' title='bbox 1124 2574 1197 2629; x_wconf 51' lang='lat' dir='ltr'><strong>tra*</strong></span> 
     </span>
     <span class='ocr_line' id='line_1_22' title="bbox 253 2667 1195 2750; baseline 0.002 -22"><span class='ocrx_word' id='word_1_142' title='bbox 253 2667 341 2732; x_wconf 87' lang='lat' dir='ltr'><strong>didit</strong></span> <span class='ocrx_word' id='word_1_143' title='bbox 363 2667 520 2732; x_wconf 86' lang='lat' dir='ltr'><strong>fidelibus</strong></span> <span class='ocrx_word' id='word_1_144' title='bbox 544 2675 579 2732; x_wconf 89' lang='lat' dir='ltr'><strong>et</strong></span> <span class='ocrx_word' id='word_1_145' title='bbox 600 2668 692 2750; x_wconf 80' lang='lat' dir='ltr'><strong>ligiis</strong></span> <span class='ocrx_word' id='word_1_146' title='bbox 716 2667 910 2731; x_wconf 90' lang='lat' dir='ltr'><strong>hominibus</strong></span> <span class='ocrx_word' id='word_1_147' title='bbox 933 2667 1038 2748; x_wconf 81' lang='lat' dir='ltr'><strong>regis,</strong></span> <span class='ocrx_word' id='word_1_148' title='bbox 1053 2667 1195 2746; x_wconf 83' lang='lat' dir='ltr'><strong>sedicet,</strong></span> 
     </span>
     <span class='ocr_line' id='line_1_23' title="bbox 255 2767 1195 2849; baseline -0.001 -18"><span class='ocrx_word' id='word_1_149' title='bbox 255 2767 429 2833; x_wconf 91' lang='lat' dir='ltr'><strong>Willelmo</strong></span> <span class='ocrx_word' id='word_1_150' title='bbox 452 2769 494 2832; x_wconf 92' lang='lat' dir='ltr'><strong>de</strong></span> <span class='ocrx_word' id='word_1_151' title='bbox 508 2768 635 2833; x_wconf 91' lang='lat' dir='ltr'><strong>Wenn&#39;</strong></span> <span class='ocrx_word' id='word_1_152' title='bbox 658 2768 838 2832; x_wconf 90' lang='lat' dir='ltr'><strong>castellum</strong></span> <span class='ocrx_word' id='word_1_153' title='bbox 860 2768 902 2831; x_wconf 92' lang='lat' dir='ltr'><strong>de</strong></span> <span class='ocrx_word' id='word_1_154' title='bbox 924 2767 1195 2849; x_wconf 83' lang='lat' dir='ltr'><strong>Nothingeham,</strong></span> 
     </span>
     <span class='ocr_line' id='line_1_24' title="bbox 253 2867 1196 2951; baseline 0 -21"><span class='ocrx_word' id='word_1_155' title='bbox 253 2876 290 2932; x_wconf 86' lang='lat' dir='ltr'><strong>et</strong></span> <span class='ocrx_word' id='word_1_156' title='bbox 308 2868 504 2951; x_wconf 82' lang='lat' dir='ltr'><strong>Reginaldo</strong></span> <span class='ocrx_word' id='word_1_157' title='bbox 524 2870 567 2934; x_wconf 91' lang='lat' dir='ltr'><strong>de</strong></span> <span class='ocrx_word' id='word_1_158' title='bbox 582 2869 799 2934; x_wconf 89' lang='lat' dir='ltr'><strong>Wassewille</strong></span> <span class='ocrx_word' id='word_1_159' title='bbox 823 2869 1003 2932; x_wconf 84' lang='lat' dir='ltr'><strong>castellum</strong></span> <span class='ocrx_word' id='word_1_160' title='bbox 1023 2869 1066 2931; x_wconf 96' lang='lat' dir='ltr'><strong>de</strong></span> <span class='ocrx_word' id='word_1_161' title='bbox 1090 2867 1196 2931; x_wconf 62' lang='lat' dir='ltr'><strong>Tile-</strong></span> 
     </span>
     <span class='ocr_line' id='line_1_25' title="bbox 255 2966 1196 3054; baseline 0.001 -24"><span class='ocrx_word' id='word_1_162' title='bbox 255 2969 369 3050; x_wconf 81' lang='lat' dir='ltr'><strong>hulla3</strong></span> <span class='ocrx_word' id='word_1_163' title='bbox 393 2979 429 3035; x_wconf 87' lang='lat' dir='ltr'><strong>et</strong></span> <span class='ocrx_word' id='word_1_164' title='bbox 448 2979 593 3054; x_wconf 88' lang='lat' dir='ltr'><strong>uterque</strong></span> <span class='ocrx_word' id='word_1_165' title='bbox 612 2972 756 3034; x_wconf 88' lang='lat' dir='ltr'><strong>istorum</strong></span> <span class='ocrx_word' id='word_1_166' title='bbox 772 2969 866 3033; x_wconf 90' lang='lat' dir='ltr'><strong>dedit</strong></span> <span class='ocrx_word' id='word_1_167' title='bbox 883 2969 1035 3032; x_wconf 88' lang='lat' dir='ltr'><strong>obsidem</strong></span> <span class='ocrx_word' id='word_1_168' title='bbox 1052 2966 1196 3032; x_wconf 86' lang='lat' dir='ltr'><strong>Cancel-</strong></span> 
     </span>
     <span class='ocr_line' id='line_1_26' title="bbox 208 3068 1196 3154; baseline 0.003 -24"><span class='ocrx_word' id='word_1_169' title='bbox 208 3086 239 3130; x_wconf 77' lang='lat' dir='ltr'><strong>as</strong></span> <span class='ocrx_word' id='word_1_170' title='bbox 254 3070 352 3148; x_wconf 89' lang='lat' dir='ltr'><strong>lario,</strong></span> <span class='ocrx_word' id='word_1_171' title='bbox 369 3072 460 3154; x_wconf 94' lang='lat' dir='ltr'><strong>quod</strong></span> <span class='ocrx_word' id='word_1_172' title='bbox 481 3073 624 3136; x_wconf 86' lang='lat' dir='ltr'><strong>castella</strong></span> <span class='ocrx_word' id='word_1_173' title='bbox 636 3071 698 3135; x_wconf 90' lang='lat' dir='ltr'><strong>illa</strong></span> <span class='ocrx_word' id='word_1_174' title='bbox 714 3070 925 3135; x_wconf 87' lang='lat' dir='ltr'><strong>custodirent</strong></span> <span class='ocrx_word' id='word_1_175' title='bbox 944 3069 981 3132; x_wconf 94' lang='lat' dir='ltr'><strong>in</strong></span> <span class='ocrx_word' id='word_1_176' title='bbox 999 3068 1097 3132; x_wconf 90' lang='lat' dir='ltr'><strong>salva</strong></span> <span class='ocrx_word' id='word_1_177' title='bbox 1111 3088 1196 3152; x_wconf 88' lang='lat' dir='ltr'><strong>pace</strong></span> 
     </span>
     <span class='ocr_line' id='line_1_27' title="bbox 255 3169 1197 3253; baseline -0.002 -19"><span class='ocrx_word' id='word_1_178' title='bbox 255 3179 291 3235; x_wconf 91' lang='lat' dir='ltr'><strong>et</strong></span> <span class='ocrx_word' id='word_1_179' title='bbox 312 3172 477 3237; x_wconf 86' lang='lat' dir='ltr'><strong>fidelitate</strong></span> <span class='ocrx_word' id='word_1_180' title='bbox 502 3172 631 3237; x_wconf 91' lang='lat' dir='ltr'><strong>domini</strong></span> <span class='ocrx_word' id='word_1_181' title='bbox 660 3172 763 3253; x_wconf 76' lang='lat' dir='ltr'><strong>regie,</strong></span> <span class='ocrx_word' id='word_1_182' title='bbox 787 3171 817 3233; x_wconf 89' lang='lat' dir='ltr'><strong>si</strong></span> <span class='ocrx_word' id='word_1_183' title='bbox 843 3171 943 3234; x_wconf 89' lang='lat' dir='ltr'><strong>vivus</strong></span> <span class='ocrx_word' id='word_1_184' title='bbox 970 3170 1106 3234; x_wconf 88' lang='lat' dir='ltr'><strong>rediret.</strong></span> <span class='ocrx_word' id='word_1_185' title='bbox 1159 3169 1197 3233; x_wconf 90' lang='lat' dir='ltr'><strong>Si</strong></span> 
     </span>
     <span class='ocr_line' id='line_1_28' title="bbox 255 3270 1196 3354; baseline -0.001 -20"><span class='ocrx_word' id='word_1_186' title='bbox 255 3281 371 3337; x_wconf 87' lang='lat' dir='ltr'><strong>autern</strong></span> <span class='ocrx_word' id='word_1_187' title='bbox 393 3294 455 3338; x_wconf 87' lang='lat' dir='ltr'><strong>rex</strong></span> <span class='ocrx_word' id='word_1_188' title='bbox 483 3282 565 3338; x_wconf 90' lang='lat' dir='ltr'><strong>ante</strong></span> <span class='ocrx_word' id='word_1_189' title='bbox 593 3291 787 3354; x_wconf 79' lang='lat' dir='ltr'><strong>regressum</strong></span> <span class='ocrx_word' id='word_1_190' title='bbox 815 3271 852 3333; x_wconf 92' lang='lat' dir='ltr'><strong>in</strong></span> <span class='ocrx_word' id='word_1_191' title='bbox 882 3270 955 3333; x_wconf 87' lang='lat' dir='ltr'><strong>fata</strong></span> <span class='ocrx_word' id='word_1_192' title='bbox 983 3270 1196 3346; x_wconf 86' lang='lat' dir='ltr'><strong>concederet,</strong></span> 
     </span>
     <span class='ocr_line' id='line_1_29' title="bbox 254 3370 1196 3455; baseline -0.002 -20"><span class='ocrx_word' id='word_1_193' title='bbox 254 3373 420 3455; x_wconf 84' lang='lat' dir='ltr'><strong>praedicta</strong></span> <span class='ocrx_word' id='word_1_194' title='bbox 448 3381 563 3438; x_wconf 87' lang='lat' dir='ltr'><strong>castra</strong></span> <span class='ocrx_word' id='word_1_195' title='bbox 591 3374 707 3438; x_wconf 91' lang='lat' dir='ltr'><strong>comiti</strong></span> <span class='ocrx_word' id='word_1_196' title='bbox 732 3371 965 3448; x_wconf 89' lang='lat' dir='ltr'><strong>redderentur,</strong></span> <span class='ocrx_word' id='word_1_197' title='bbox 995 3378 1029 3434; x_wconf 89' lang='lat' dir='ltr'><strong>ct</strong></span> <span class='ocrx_word' id='word_1_198' title='bbox 1052 3370 1196 3434; x_wconf 89' lang='lat' dir='ltr'><strong>Cancel-</strong></span> 
     </span>
     <span class='ocr_line' id='line_1_30' title="bbox 254 3471 1196 3540; baseline -0.001 -4"><span class='ocrx_word' id='word_1_199' title='bbox 254 3473 360 3538; x_wconf 85' lang='lat' dir='ltr'><strong>larius</strong></span> <span class='ocrx_word' id='word_1_200' title='bbox 382 3475 539 3540; x_wconf 87' lang='lat' dir='ltr'><strong>redderet</strong></span> <span class='ocrx_word' id='word_1_201' title='bbox 560 3475 706 3538; x_wconf 90' lang='lat' dir='ltr'><strong>obsides.</strong></span> <span class='ocrx_word' id='word_1_202' title='bbox 759 3472 1016 3536; x_wconf 86' lang='lat' dir='ltr'><strong>Constabularii</strong></span> <span class='ocrx_word' id='word_1_203' title='bbox 1037 3471 1196 3536; x_wconf 89' lang='lat' dir='ltr'><strong>castello-</strong></span> 
     </span>
     <span class='ocr_line' id='line_1_31' title="bbox 209 3571 1197 3641; baseline 0.003 -9"><span class='ocrx_word' id='word_1_204' title='bbox 209 3589 241 3633; x_wconf 77' lang='grc'><strong>66</strong></span> <span class='ocrx_word' id='word_1_205' title='bbox 256 3595 330 3638; x_wconf 91' lang='lat' dir='ltr'><strong>rum</strong></span> <span class='ocrx_word' id='word_1_206' title='bbox 354 3576 396 3639; x_wconf 91' lang='lat' dir='ltr'><strong>de</strong></span> <span class='ocrx_word' id='word_1_207' title='bbox 417 3576 603 3641; x_wconf 89' lang='lat' dir='ltr'><strong>honoribus</strong></span> <span class='ocrx_word' id='word_1_208' title='bbox 627 3575 759 3638; x_wconf 89' lang='lat' dir='ltr'><strong>comitis</strong></span> <span class='ocrx_word' id='word_1_209' title='bbox 784 3581 1000 3638; x_wconf 88' lang='lat' dir='ltr'><strong>mutarentur</strong></span> <span class='ocrx_word' id='word_1_210' title='bbox 1015 3593 1037 3637; x_wconf 92' lang='lat' dir='ltr'><strong>a</strong></span> <span class='ocrx_word' id='word_1_211' title='bbox 1053 3571 1197 3637; x_wconf 87' lang='lat' dir='ltr'><strong>Cancel-</strong></span> 
     </span>
     <span class='ocr_line' id='line_1_32' title="bbox 254 3675 1197 3753; baseline 0.003 -15"><span class='ocrx_word' id='word_1_212' title='bbox 254 3675 352 3753; x_wconf 92' lang='lat' dir='ltr'><strong>lario,</strong></span> <span class='ocrx_word' id='word_1_213' title='bbox 367 3676 397 3740; x_wconf 91' lang='lat' dir='ltr'><strong>si</strong></span> <span class='ocrx_word' id='word_1_214' title='bbox 412 3697 471 3741; x_wconf 89' lang='lat' dir='ltr'><strong>eos</strong></span> <span class='ocrx_word' id='word_1_215' title='bbox 486 3677 669 3741; x_wconf 90' lang='lat' dir='ltr'><strong>mutandos</strong></span> <span class='ocrx_word' id='word_1_216' title='bbox 685 3695 798 3739; x_wconf 90' lang='lat' dir='ltr'><strong>comes</strong></span> <span class='ocrx_word' id='word_1_217' title='bbox 820 3675 862 3738; x_wconf 91' lang='lat' dir='ltr'><strong>de</strong></span> <span class='ocrx_word' id='word_1_218' title='bbox 880 3675 1013 3739; x_wconf 87' lang='lat' dir='ltr'><strong>ratione</strong></span> <span class='ocrx_word' id='word_1_219' title='bbox 1027 3681 1197 3741; x_wconf 84' lang='lat' dir='ltr'><strong>monstra·</strong></span> 
     </span>
     <span class='ocr_line' id='line_1_33' title="bbox 254 3774 1197 3854; baseline -0.002 -15"><span class='ocrx_word' id='word_1_220' title='bbox 254 3783 318 3840; x_wconf 89' lang='lat' dir='ltr'><strong>ret.</strong></span> <span class='ocrx_word' id='word_1_221' title='bbox 371 3775 618 3854; x_wconf 70' lang='lat' dir='ltr'><strong>cancellatim,</strong></span> <span class='ocrx_word' id='word_1_222' title='bbox 640 3777 669 3840; x_wconf 88' lang='lat' dir='ltr'><strong>si</strong></span> <span class='ocrx_word' id='word_1_223' title='bbox 691 3796 754 3839; x_wconf 91' lang='lat' dir='ltr'><strong>rex</strong></span> <span class='ocrx_word' id='word_1_224' title='bbox 778 3776 899 3853; x_wconf 91' lang='lat' dir='ltr'><strong>obiret,</strong></span> <span class='ocrx_word' id='word_1_225' title='bbox 915 3776 1032 3838; x_wconf 90' lang='lat' dir='ltr'><strong>comiti</strong></span> <span class='ocrx_word' id='word_1_226' title='bbox 1056 3774 1197 3837; x_wconf 88' lang='lat' dir='ltr'><strong>exhere-</strong></span> 
     </span>
     <span class='ocr_line' id='line_1_34' title="bbox 254 3874 1198 3962; baseline -0.004 -22"><span class='ocrx_word' id='word_1_227' title='bbox 254 3878 427 3942; x_wconf 88' lang='lat' dir='ltr'><strong>dationem</strong></span> <span class='ocrx_word' id='word_1_228' title='bbox 442 3898 512 3942; x_wconf 91' lang='lat' dir='ltr'><strong>non</strong></span> <span class='ocrx_word' id='word_1_229' title='bbox 527 3885 715 3962; x_wconf 82' lang='lat' dir='ltr'><strong>quaereret3</strong></span> <span class='ocrx_word' id='word_1_230' title='bbox 739 3876 798 3939; x_wconf 86' lang='lat' dir='ltr'><strong>sed</strong></span> <span class='ocrx_word' id='word_1_231' title='bbox 819 3896 897 3938; x_wconf 91' lang='lat' dir='ltr'><strong>cum</strong></span> <span class='ocrx_word' id='word_1_232' title='bbox 912 3895 974 3957; x_wconf 92' lang='lat' dir='ltr'><strong>pro</strong></span> <span class='ocrx_word' id='word_1_233' title='bbox 988 3874 1081 3937; x_wconf 90' lang='lat' dir='ltr'><strong>omni</strong></span> <span class='ocrx_word' id='word_1_234' title='bbox 1097 3893 1198 3955; x_wconf 89' lang='lat' dir='ltr'><strong>posse</strong></span> 
     </span>
     <span class='ocr_line' id='line_1_35' title="bbox 254 3973 1200 4061; baseline -0.005 -21"><span class='ocrx_word' id='word_1_235' title='bbox 254 3997 317 4043; x_wconf 91' lang='lat' dir='ltr'><strong>suo</strong></span> <span class='ocrx_word' id='word_1_236' title='bbox 332 3987 549 4061; x_wconf 90' lang='lat' dir='ltr'><strong>promoveret</strong></span> <span class='ocrx_word' id='word_1_237' title='bbox 572 3978 616 4042; x_wconf 89' lang='lat' dir='ltr'><strong>ad</strong></span> <span class='ocrx_word' id='word_1_238' title='bbox 642 3996 798 4058; x_wconf 85' lang='lat' dir='ltr'><strong>regnum.</strong></span> <span class='ocrx_word' id='word_1_239' title='bbox 849 3973 977 4039; x_wconf 88' lang='lat' dir='ltr'><strong>Actum</strong></span> <span class='ocrx_word' id='word_1_240' title='bbox 999 3973 1200 4038; x_wconf 86' lang='lat' dir='ltr'><strong>sollenniter</strong></span> 
     </span>
     <span class='ocr_line' id='line_1_36' title="bbox 114 4073 1200 4161; baseline -0.005 -18"><span class='ocrx_word' id='word_1_241' title='bbox 114 4111 121 4122; x_wconf 94' lang='lat'><strong>·</strong></span> <span class='ocrx_word' id='word_1_242' title='bbox 206 4090 238 4135; x_wconf 75' lang='lat'><strong>³⁵</strong></span> <span class='ocrx_word' id='word_1_243' title='bbox 253 4080 345 4161; x_wconf 90' lang='lat' dir='ltr'><strong>apud</strong></span> <span class='ocrx_word' id='word_1_244' title='bbox 373 4081 600 4157; x_wconf 89' lang='lat' dir='ltr'><strong>Wintoniam,</strong></span> <span class='ocrx_word' id='word_1_245' title='bbox 630 4077 776 4159; x_wconf 89' lang='lat' dir='ltr'><strong>septimo</strong></span> <span class='ocrx_word' id='word_1_246' title='bbox 807 4074 973 4140; x_wconf 86' lang='lat' dir='ltr'><strong>kalendas</strong></span> <span class='ocrx_word' id='word_1_247' title='bbox 1005 4073 1103 4138; x_wconf 89' lang='lat' dir='ltr'><strong>Maii.</strong></span> <span class='ocrx_word' id='word_1_248' title='bbox 1141 4075 1200 4156; x_wconf 73' lang='lat'><strong>[25</strong></span> 
     </span>
     <span class='ocr_line' id='line_1_37' title="bbox 254 4179 358 4263; baseline -0.01 -20"><span class='ocrx_word' id='word_1_249' title='bbox 254 4179 358 4263; x_wconf 70' lang='lat' dir='ltr'><strong>Apa]</strong></span> 
     </span>
    </p>
   </div>
   <div class='ocr_carea' id='block_1_3' title="bbox 304 4276 1203 4465">
    <p class='ocr_par' dir='ltr' id='par_1_3' title="bbox 304 4276 1203 4465">
     <span class='ocr_line' id='line_1_38' title="bbox 304 4276 1203 4365; baseline -0.008 -19"><span class='ocrx_word' id='word_1_250' title='bbox 304 4281 394 4365; x_wconf 58' lang='lat' dir='ltr'><strong>§ld</strong></span> <span class='ocrx_word' id='word_1_251' title='bbox 420 4281 654 4346; x_wconf 87' lang='lat' dir='ltr'><strong>Cancellarius</strong></span> <span class='ocrx_word' id='word_1_252' title='bbox 677 4279 765 4345; x_wconf 89' lang='lat' dir='ltr'><strong>mira</strong></span> <span class='ocrx_word' id='word_1_253' title='bbox 787 4277 968 4342; x_wconf 85' lang='lat' dir='ltr'><strong>exactione</strong></span> <span class='ocrx_word' id='word_1_254' title='bbox 986 4284 1021 4352; x_wconf 89' lang='lat' dir='ltr'><strong>et</strong></span> <span class='ocrx_word' id='word_1_255' title='bbox 1035 4276 1203 4340; x_wconf 87' lang='lat' dir='ltr'><strong>instantia</strong></span> 
     </span>
     <span class='ocr_line' id='line_1_39' title="bbox 1029 4421 1052 4465; baseline 0 0"><span class='ocrx_word' id='word_1_256' title='bbox 1029 4421 1052 4465; x_wconf 89' lang='lat' dir='ltr'><strong>n</strong></span> 
     </span>
    </p>
   </div>
   <div class='ocr_carea' id='block_1_4' title="bbox 0 0 1609 5036">
    <p class='ocr_par' dir='ltr' id='par_1_4' title="bbox 0 0 1609 5036">
     <span class='ocr_line' id='line_1_40' title="bbox 0 0 1609 5036; baseline 0 0"><span class='ocrx_word' id='word_1_257' title='bbox 0 0 1609 5036; x_wconf 95' lang='lat' dir='ltr'><strong> </strong></span> 
     </span>
    </p>
   </div>
  </div>
 </body>
</html>
