3208 5036
422 477 469 525 nn
493 477 610 527 ansus
633 478 756 526 cnsrrs
780 478 933 528 nicrum
957 480 1074 530 eninr.
1175 469 1220 534 67

269 634 381 700 multo
406 642 572 721 tempore.
622 637 735 702 Dolor
757 636 902 704 nimius!
955 637 1071 704 Etiam
1096 639 1133 705 in
1155 659 1218 708 an·
1231 656 1381 713 11111191.

270 736 357 818 gelis
380 736 448 801 Dei
471 736 641 820 reperitur
658 737 835 820 iniquitas.
887 737 1082 806 Monachus
1103 742 1216 809 sciens

270 844 306 901 et
319 837 469 920 prudens
482 838 650 904 deductus
664 839 708 903 ad
722 838 945 916 delusionem,
958 838 1106 906 frontem
1118 863 1218 910 suam

269 936 415 1003 frontem
439 939 521 1004 fecit
541 939 741 1017 meretricis,
763 945 803 1004 ut
824 940 1011 1006 monachos
1034 944 1129 1025 carpi
1144 963 1217 1010 mo·

240 1039 399 1104 snaohus
420 1061 491 1104 non
512 1041 738 1106 erubesceret.
791 1039 886 1116 Heu,
909 1049 1041 1123 quanta
1062 1046 1214 1126 vagandi

268 1147 304 1205 et
331 1140 510 1223 equitandi
536 1141 655 1206 libido.
706 1138 835 1206 Audite
861 1161 917 1206 me
946 1149 981 1206 et
1014 1151 1215 1227 exspectate

268 1241 462 1325 paulisper;
497 1240 656 1308 videbitis
689 1241 838 1324 qualiter
871 1242 1074 1327 equitaturis
1111 1244 1215 1330 hujus

268 1341 408 1407 desierit
439 1342 618 1425 equitatio.
670 1342 738 1407 Die
771 1342 921 1425 quadam
951 1345 1043 1427 apud
1078 1342 1214 1412 coven-

268 1442 389 1506 treiam
404 1444 567 1527 episcopo
581 1463 685 1527 super
700 1444 875 1528 operarios
889 1463 971 1510 suos
986 1451 1113 1524 stante,
1130 1466 1214 1512 suus

223 1559 255 1603 10
268 1543 456 1608 monachus
479 1545 546 1608 sibi
571 1545 793 1611 collateratus
822 1544 987 1610 haerebat.
1040 1545 1085 1610 In
1112 1567 1214 1632 quem

268 1644 448 1728 episcopus
472 1644 686 1710 familiariter
710 1645 865 1723 innixus,
888 1645 1061 1724 ‘Nonne'
1088 1646 1214 1730 inquit,

268 1745 518 1824 ‘mimonache,
532 1752 594 1811 tuo
605 1745 845 1830 ctiamjudicio
855 1746 954 1811 decet
964 1754 1000 1810 et
1011 1747 1164 1830 expedit,
1175 1753 1215 1815 'ut

267 1851 375 1911 tantae
397 1853 517 1912 tantus
540 1847 643 1912 decor
664 1847 831 1924 ecclesiae,
854 1853 927 1912 tam
952 1846 1076 1912 decens
1105 1849 1213 1914 aedifi·

267 1945 370 2024 cium,
399 1947 541 2013 deorum
569 1949 617 2012 sit
649 1948 765 2031 potius
795 1967 900 2031 quam
927 1946 1213 2015 daemonioruml'

221 2067 253 2112 rs
269 2046 460 2114 Haesitanti
473 2048 642 2114 monacho
656 2049 692 2112 in
709 2049 920 2114 obscuritate
934 2049 1131 2126 verborum,
1151 2050 1213 2114 ad·

261 2147 360 2232 jecit,
389 2149 517 2233 ‘Ege'
547 2150 609 2227 ait,
639 2149 807 2214 ‘clericos
835 2169 931 2214 meos
953 2148 1036 2214 deos
1061 2150 1213 2229 nomino,

265 2250 452 2316 monachos
483 2249 677 2316 daemoniass
728 2251 885 2334 Moxque
911 2268 1034 2314 manus
1059 2249 1213 2318 dexterae

265 2349 375 2432 digito
402 2351 440 2415 in
472 2358 627 2416 astantes
659 2349 726 2414 sibi
753 2350 896 2416 clericos
933 2355 1088 2429 extento,
1124 2351 1213 2431 infit,

266 2450 369 2534 ‘Ego
397 2451 485 2531 dico,
521 2452 570 2517 dii
604 2451 700 2530 estis,
730 2458 766 2516 et
796 2450 859 2516 filii
893 2449 1035 2516 Excelsi
1070 2453 1213 2518 omnes!

218 2564 253 2610 eo
266 2549 488 2637 Rursumque
501 2571 658 2619 reversus
671 2552 709 2616 in
723 2551 860 2630 laevam,
882 2550 926 2618 ad
939 2551 1145 2616 monachum
1159 2553 1213 2618 in·

264 2653 357 2732 tulit,
380 2653 479 2720 ‘Vos
500 2661 629 2732 autem,
650 2651 822 2731 monachi,
844 2651 934 2718 sicut
951 2650 1124 2718 daemones
1138 2675 1212 2720 mo·

264 2754 410 2833 riemini,
434 2762 469 2820 et
491 2755 582 2820 sicut
604 2773 694 2820 unus
717 2761 753 2819 et
774 2753 905 2837 primus
934 2753 976 2818 de
1000 2754 1212 2837 principibus

264 2856 389 2921 vestris
423 2855 461 2920 in
495 2856 667 2921 infernum
697 2854 840 2932 cadetis,
870 2854 953 2938 quia
981 2855 1052 2920 vivi
1084 2854 1212 2920 diaboli

264 2957 359 3021 estis.
411 2955 526 3035 Certe,
548 2957 579 3022 si
601 2977 656 3021 me
670 2955 886 3039 contingeret
908 2975 970 3038 pro
983 2960 1119 3020 mortuo
1138 2975 1212 3021 mo·

218 3074 251 3120 ns
265 3057 376 3122 nacho
397 3058 580 3137 celebrare,
600 3056 693 3141 quod
708 3055 810 3122 valde
828 3056 959 3121 invitus
972 3054 1132 3134 facerem,
1146 3075 1211 3139 ego

265 3177 389 3241 corpus
417 3158 492 3242 ejus
521 3166 557 3224 et
585 3159 735 3223 animam
763 3177 834 3222 non
859 3156 949 3234 Deo,
978 3155 1040 3220 sed
1063 3156 1211 3236 diabolo,

264 3260 559 3324 commendarem!
611 3257 817 3335 Monachus
845 3257 905 3340 qui
929 3257 966 3320 in
988 3255 1065 3321 loco
1090 3277 1211 3322 mona·

264 3357 337 3423 chis
366 3360 482 3425 ablato
512 3359 758 3425 monachorum
787 3356 1029 3422 contumeliam
1056 3377 1127 3422 non
1156 3377 1210 3422 re·

263 3458 363 3539 follit,
399 3461 482 3543 quia
508 3461 545 3525 in
571 3461 636 3526 tali
662 3478 746 3524 casu
780 3459 886 3538 siluit,
914 3466 1117 3541 perpetuum
1145 3458 1212 3523 sibi

218 3579 251 3626 so
263 3562 388 3626 meruit
417 3561 548 3645 imponi
576 3561 762 3626 silentium.
815 3559 975 3644 Repente
1002 3559 1094 3624 enim
1121 3559 1211 3643 lapis

263 3661 381 3745 lapsus
403 3662 446 3726 de
467 3662 607 3745 fastigio
629 3661 783 3727 ecclesiae
806 3659 1012 3745 monachum
1032 3659 1211 3724 adhaeren·

263 3768 333 3826 tem
362 3763 524 3847 episcopo
555 3761 804 3839 excerebravit,
833 3762 996 3845 episcopo
1024 3760 1068 3826 ad
1097 3761 1211 3844 majus

258 3861 426 3947 judicium
440 3863 612 3929 incolume
625 3869 813 3928 reservato.

314 3963 401 4048 586.
425 3963 507 4030 Rex
526 3963 720 4047 Anglorum
735 3959 937 4026 Ricardus
927 3981 964 4024 1n
979 3959 1236 4058 conquirendo
1224 3966 1348 4068 ⁸¹⁰⁸130⁸¹1¹1¹⁶⁹3

217 4079 250 4126 ss
262 4083 437 4146 regionem
447 4085 540 4131 crrca
549 4064 828 4147 Hrerosolymam
837 4060 1106 4147 Jamoomplevrt
1115 4060 1211 4125 bren
1225 4069 1285 4109 re..
1286 4069 1339 4110 tine·

262 4165 369 4244 nium,
391 4166 442 4232 ita
464 4167 556 4253 quod
578 4166 621 4230 de
644 4165 741 4230 nulla
763 4169 932 4228 terrarum
953 4180 1093 4226 suarum
1115 4160 1212 4244 quic-

262 4285 367 4348 quam
406 4287 443 4333 se
474 4267 664 4390 juvaminis
705 4264 820 4329 fuerat
856 4265 1067 4328 obsecutum.
1136 4261 1212 4327 Nec

1001 4387 1063 4452 ra
