3208 5036
382 447 426 511 42
641 466 827 514 nrcnnous
850 466 1066 514 urvrsruusrs

218 625 488 693 nummularius
503 623 595 706 regis
618 632 653 689 et
676 626 775 706 regni
795 625 818 688 J
820 625 1017 689 usticiarius
1040 633 1163 690 contra
1184 623 1329 689 formam

382 727 489 790 totius
498 727 588 810 juris
598 725 788 809 judicatus
800 727 882 809 quia
896 745 1036 790 necesse
1051 735 1115 804 est,
1130 726 1328 791 fortioribus

382 826 490 891 cedo.'
551 825 830 910 Allegationibus
859 829 1009 910 partium
1037 827 1118 892 fecit
1146 829 1248 892 finem
1277 828 1328 891 sol

383 946 529 1010 vergens
556 928 594 992 in
619 948 822 1011 vesperum
861 929 1072 1012 recipiuntur
1098 930 1135 992 in
1160 928 1329 994 obsidium

383 1028 452 1092 duo
466 1028 591 1092 fratres
607 1028 812 1094 Cancellarii
825 1031 885 1112 qui
898 1030 974 1107 fuit,
990 1037 1025 1094 et
1041 1030 1180 1113 quidam
1195 1030 1329 1107 tertius,
1359 1051 1373 1094 5

385 1131 445 1212 qui
460 1149 482 1194 a
496 1131 636 1194 secretis
652 1132 683 1194 ei
697 1131 810 1195 fuerat
822 1131 1062 1195 cubicularius.
1107 1131 1267 1195 Solutum
1277 1138 1330 1195 est

385 1231 580 1309 concilium,
589 1231 731 1296 redditis
742 1231 897 1297 clavibus
907 1230 1008 1298 Arois
1018 1231 1220 1309 Londcniae,
1230 1240 1330 1296 sexto

386 1331 463 1396 idus
486 1331 648 1396 Octobris
672 1332 852 1415 [oct.1o].
907 1332 1142 1396 Cancellarius
1163 1333 1330 1410 Dovram,

387 1452 505 1510 unum,
522 1432 664 1510 scilicet,
681 1453 726 1498 ex
741 1434 865 1511 tribus,
879 1434 970 1497 unde
996 1435 1125 1498 mentio
1150 1434 1243 1498 facta
1264 1441 1330 1510 est,

387 1534 522 1610 castris,
550 1533 724 1616 profectus
749 1542 825 1614 est;
856 1542 891 1598 ct
913 1554 1027 1599 comes
1055 1535 1171 1599 omnia
1197 1535 1331 1598 munita
1345 1552 1377 1598 ro

387 1642 500 1712 terrae,
516 1635 640 1718 quibus
659 1636 770 1701 voluit
786 1644 821 1701 et
841 1636 920 1719 plus
936 1635 1092 1712 credidit,
1115 1636 1180 1701 sibi
1197 1635 1332 1700 reddita

386 1735 557 1800 hberatit.

222 1844 376 1946 ξῃξξξζξὲᾓ·
432 1836 509 1920 554.
519 1837 711 1902 Mittuntur
722 1839 897 1915 continue,
907 1837 1149 1902 etadamnato
1160 1836 1332 1900 etadam·
1366 1873 1370 1878 -

222 1947 277 1998 ine·-
388 1938 578 2015 natoribus,
594 1939 712 2002 nuncii
722 1939 766 2002 ad
781 1940 894 2021 ipsum
908 1958 1025 2019 regem
1038 1939 1074 2002 in
1090 1938 1234 2002 Terram
1246 1936 1332 2000 Pro-

388 2038 572 2116 missioniS,
582 2040 709 2122 quique
717 2059 781 2122 pro
792 2048 891 2122 parte
902 2058 966 2102 sua
980 2039 1024 2104 ad
1036 2037 1267 2104 accusandum
1278 2036 1333 2102 vel
1348 2053 1377 2098 ιε

386 2140 622 2203 excusandum
653 2139 860 2205 sufficienter
885 2141 1057 2204 instructi.
1109 2139 1334 2203 Nominativo

386 2239 442 2304 hic
459 2236 693 2305 Cancellarius
708 2261 753 2305 ex
767 2242 911 2324 perditae
926 2241 1109 2323 potestatis
1131 2248 1168 2304 et
1182 2259 1333 2322 praesen-

388 2341 434 2404 tis
449 2341 503 2404 sui
517 2349 630 2406 status
646 2342 883 2407 recordatione
898 2341 1073 2419 confusus
1096 2340 1335 2405 inhibitionem

388 2441 679 2507 transfretationis
694 2444 775 2506 dum
797 2444 907 2508 modis
923 2445 1080 2508 omnibus
1102 2442 1242 2505 molitur
1262 2441 1334 2505 elu-

389 2542 481 2618 dere,
492 2562 562 2606 non
571 2542 787 2608 uniformiter
797 2565 860 2608 nec
870 2544 975 2608 semel
991 2552 1126 2608 tantum
1135 2543 1257 2607 illusus
1271 2549 1334 2606 est.
1347 2560 1379 2605 uo

389 2642 517 2719 Taceo,
534 2643 625 2726 quod
650 2651 685 2708 et
707 2644 745 2708 iu
763 2644 885 2709 habitu
900 2646 1060 2709 monachi
1078 2645 1164 2708 etin
1178 2643 1336 2707 muliebri

389 2750 486 2808 veste
502 2743 854 2827 deprehensusfuerit
869 2754 904 2810 et
917 2754 1084 2823 retentus,
1095 2746 1177 2829 quia
1189 2745 1336 2808 multum

390 2852 426 2908 et
445 2844 546 2908 nimis
570 2853 624 2910 est
643 2846 839 2910 meminisse
859 2867 963 2929 quam
983 2847 1259 2910 inaestimabilem
1278 2864 1336 2908 su·

390 2945 607 3027 pellectilem,
624 2966 727 3030 quam
752 2948 959 3030 multiplices
983 2948 1048 3011 sibi
1068 2966 1185 3028 ganas,
1201 2947 1336 3010 demum

390 3046 426 3109 in
448 3046 649 3111 Flandriam
672 3048 830 3130 appulso,
856 3049 1087 3112 Flandrenses
1109 3048 1336 3130 diripuerunt.
1348 3061 1380 3108 25

392 3145 501 3230 Cujus
522 3147 803 3214 transfretatione
816 3150 967 3232 cognita,
984 3148 1145 3233 quicquid
1158 3149 1196 3210 in
1207 3146 1338 3228 Angha

390 3247 585 3312 reddituum
604 3251 806 3332 possederat
821 3251 1039 3316 confiscatur.
1087 3249 1146 3313 Fit
1159 3249 1236 3311 dira
1248 3249 1340 3311 inter

391 3348 483 3412 diros
520 3349 719 3415 decertatio.
792 3349 1028 3415 Cancellarins
1065 3351 1238 3414 sublatam
1274 3348 1339 3412 sibi

391 3439 570 3530 suspendit
586 3451 760 3528 diocesim,
776 3459 813 3515 et
826 3470 1030 3534 pervasores
1051 3450 1127 3534 ejus
1147 3450 1290 3515 denotat
1304 3456 1339 3512 et

389 3547 535 3614 innodat
562 3550 793 3615 anathemate.
847 3550 924 3615 Nec
949 3550 1017 3615 fuit
1039 3571 1079 3615 eo
1102 3550 1205 3615 corde
1229 3550 1340 3613 minor
1351 3559 1382 3605 ³⁰

426 3783 445 3814 ¹¹
464 3786 567 3848 Terre]
584 3786 670 3836 Terra.
688 3786 763 3836 MSS.
877 3787 963 3838 letters
985 3789 1048 3838 from
1067 3789 1110 3838 the
1129 3801 1194 3850 pope
1215 3787 1341 3850 investing

424 3853 444 3886 ¹¹
461 3856 580 3905 Muttdn
596 3857 681 3920 vesta]
710 3857 735 3905 A
757 3858 852 3907 minute
878 3858 930 3908 him
948 3859 1011 3908 with
1027 3859 1137 3922 legatine
1156 3858 1292 3920 authority,
1302 3873 1341 3906 re-

390 3930 497 3975 account
513 3927 541 3974 of
556 3927 607 3975 this
624 3928 777 3977 transaction
794 3941 853 3990 may
878 3930 968 3978 turned
985 3930 1037 3978 into
1057 3925 1174 3991 England
1194 3929 1221 3976 in
1238 3928 1280 3977 the
1298 3929 1341 3977 he·

390 3998 421 4045 be
433 4012 492 4046 seen
503 3997 529 4044 in
541 3997 673 4058 Heroden,
690 3998 708 4048 f.
721 4002 786 4058 4003
803 3999 853 4047 aud
879 4000 982 4062 ginning
992 4000 1022 4048 of
1029 3999 1112 4062 April,
1124 4002 1203 4058 1192;
1219 3999 1304 4060 when,
1314 3999 1341 4046 in

389 4067 488 4116 invita
507 4066 585 4117 Gaul.
605 4067 726 4130 Archiep.
745 4070 852 4119 Eborac.
878 4084 1049 4131 consequence
1064 4069 1093 4118 of
1107 4070 1146 4118 his
1162 4071 1298 4131 reception‚
1309 4068 1341 4118 he

390 4139 417 4187 ii.
431 4141 470 4186 12.
878 4140 968 4201 placed
983 4141 1023 4190 his
1038 4140 1165 4202 bishopric
1175 4140 1257 4188 under
1266 4141 1342 4188 inter-

424 4205 446 4238 ³⁰
462 4208 566 4256 Innodut
591 4209 763 4273 anathemate]
799 4209 852 4258 The
878 4211 938 4259 dict.
963 4212 1024 4259 Vita
1034 4210 1113 4263 Gens.
1131 4210 1251 4272 Archiep.
1265 4211 1340 4260 Ebor.

389 4278 479 4340 bishop
496 4278 524 4327 of
539 4279 597 4342 Ely,
617 4279 709 4342 having
728 4280 852 4341 procured
877 4282 904 4330 ii.
918 4285 957 4344 13,
966 4285 1006 4331 14.
1087 4310 1091 4313 -
