3208 5036
378 503 426 550 nn
450 503 566 553 annus
589 502 711 550 crsrrs
735 501 885 550 nicanor
913 503 1029 554 rarur.
1135 487 1179 552 49

225 668 390 726 castrum.
443 661 680 745 Insequuntur
707 661 805 725 illum
834 661 1341 745 regessicutprius,n.n.1ror.

226 782 318 826 unus
331 783 393 846 per
405 769 544 841 terram,
560 763 648 826 alter
669 782 732 845 per
751 781 888 846 aquam,
904 770 939 828 et
952 765 1112 828 obsessus
1126 771 1180 829 est

226 865 263 926 in
278 865 381 928 tertio
396 864 550 928 castello.
603 863 824 948 Dejiciuutur
842 864 931 927 muri
951 864 1044 927 illius
1064 864 1179 930 fundis

226 964 422 1028 balearibus
436 964 592 1047 ingentia
614 982 701 1027 saxa
715 964 921 1042 rotantibus,
935 966 1106 1046 promittit
1119 966 1179 1029 de·

200 1066 392 1134 sditionem
401 1084 599 1148 oppressus,
614 1065 644 1128 si
659 1064 897 1128 tantummodo
912 1065 949 1128 in
960 1066 1099 1129 vincula
1111 1065 1178 1129 fer·

227 1185 288 1229 rea
303 1187 373 1230 non
388 1172 585 1248 poneretur.
638 1164 773 1229 Annuit
788 1186 851 1229 rex
866 1164 1024 1250 precibus
1047 1166 1178 1250 suppli·
1190 1169 1329 1260 gapuanu-

229 1267 353 1344 cantis,
370 1274 406 1331 ct
420 1266 503 1330 fecit
516 1267 548 1330 ei
558 1266 632 1330 fieri
646 1273 829 1348 argenteos
839 1266 1032 1348 compedes,
1066 1266 1179 1350 Capto
1251 1247 1257 1259 ⁸

228 1368 346 1451 itaque
368 1368 559 1450 piratarum
580 1367 746 1450 principe,
770 1387 833 1430 rex
855 1368 1055 1450 peragravit
1068 1374 1179 1433 totam

226 1469 378 1531 insulam
409 1475 444 1532 et
469 1469 561 1552 cepit
586 1468 702 1532 omnia
723 1468 867 1531 castella
896 1467 983 1552 ejuS,
1006 1476 1042 1532 et
1064 1472 1181 1552 posuit

184 1591 216 1637 ro
229 1569 389 1634 custodes
404 1588 485 1632 suos
500 1569 537 1632 in
552 1568 710 1651 singulis
724 1575 759 1633 et
779 1568 959 1633 constituit
968 1569 1180 1654 justiciarios

229 1677 265 1734 et
278 1671 508 1748 vicecomites,
525 1677 561 1734 et
575 1670 714 1733 subdita
728 1676 781 1732 est
793 1669 845 1743 illi
859 1677 935 1733 tota
948 1676 1041 1734 terra
1055 1671 1091 1734 in
1106 1691 1179 1734 om-

229 1771 342 1847 nibus,
358 1771 448 1834 sicut
461 1769 604 1853 Anglia.
652 1767 797 1847 Aurum,
813 1776 848 1834 et
862 1771 1020 1848 sericum,
1036 1778 1071 1835 et
1086 1791 1180 1853 gem-

228 1890 304 1934 mas
317 1871 359 1935 de
374 1871 545 1935 thesauris
560 1870 710 1935 effractis
732 1870 798 1934 sibi
812 1871 974 1950 retinuit;
999 1879 1181 1952 argentum

229 1979 265 2036 et
279 1972 444 2036 victualia
458 1972 553 2036 dedit
568 1971 746 2036 exercitui.
791 1969 884 2052 Regi
898 1990 1035 2054 quoque
1051 1970 1180 2036 Hieru-

187 2097 216 2142 ιε
229 2072 337 2136 salem
353 2072 395 2137 de
410 2073 579 2157 acquisito
595 2091 658 2136 suo
672 2070 821 2152 largitus
836 2079 890 2135 est
903 2071 1106 2154 largissime.

282 2173 329 2236 Et
343 2174 425 2256 quia
439 2173 514 2258 jam
533 2173 719 2236 transierat
735 2171 1021 2254 Quadragesima,
1037 2173 1180 2255 etlegi·
1192 2187 1344 2248 airammu-

230 2273 351 2337 timum
373 2273 599 2338 contrahendi
620 2280 755 2355 tempus
781 2272 981 2351 advenerat,
1003 2240 1330 2355 Berenga-llla¹³“⁰¹¹‘

231 2375 317 2438 riam
333 2375 438 2439 filiam
451 2375 543 2458 regis
558 2373 791 2462 Navarorum,
807 2392 911 2456 quam
926 2373 969 2436 ad
985 2392 1022 2436 se
1036 2374 1073 2436 in
1084 2373 1180 2452 Qua-

230 2475 425 2558 dragesima
439 2483 549 2540 mater
563 2468 768 2552 adduxer‘at,
786 2473 850 2537 sibi
864 2472 1033 2557 despondi
1047 2474 1129 2539 fecit
1143 2475 1180 2540 iu

183 2575 355 2644 noinsula.

283 2677 368 2761 §62
393 2675 567 2758 Repetitis
582 2682 662 2759 post
674 2675 743 2740 ista
758 2677 916 2757 navibus,
932 2697 1053 2743 versus
1069 2676 1211 2743 Acca-c

231 2797 350 2842 ronem
375 2777 520 2842 feliciter
539 2779 720 2859 navigans,
746 2778 888 2844 offendit
911 2798 1036 2843 navem
1059 2798 1182 2843 onera-
1196 2747 1233 2785 ⁵⁸¹

232 2879 319 2941 riam
339 2878 499 2942 maximae
520 2877 768 2960 magnitudinis
784 2899 806 2943 a
820 2879 1031 2944 Salahadino
1056 2880 1099 2942 ad
1121 2881 1183 2943 ob·

232 2997 346 3043 sessos
360 2979 537 3056 directam,
551 2979 759 3043 victualibus
782 2986 818 3044 et
839 2988 972 3044 armato
987 2979 1095 3043 milite
1110 2980 1183 3062 ple·

187 3100 220 3146 aa
234 3099 326 3145 nam.
378 3079 516 3144 Navem
553 3079 755 3157 mirabilem,
793 3099 928 3158 navem,
959 3099 1028 3162 qua
1057 3088 1185 3162 praeter

235 3199 357 3245 navem
396 3179 498 3257 Noae,
539 3200 610 3244 non
644 3180 772 3261 legitur
805 3179 917 3264 major
955 3179 1028 3243 ulla
1065 3180 1183 3244 luisse.

235 3279 392 3346 Laetatus
406 3287 460 3344 est
472 3281 527 3344 hic
542 3281 596 3346 vir
609 3280 758 3358 validus,
773 3279 855 3363 quia
868 3280 994 3362 ubique
1005 3281 1185 3344 materiam

235 3382 373 3446 virtutis
389 3381 542 3458 offendit,
557 3381 688 3463 primus
710 3381 784 3464 ipse
804 3386 1049 3462 pugnatorum,
1064 3381 1184 3445 accitis

235 3483 280 3545 ad
305 3501 403 3546 suam
427 3481 536 3564 galeis
562 3499 714 3560 suorum,
740 3481 865 3546 navale
886 3481 1048 3564 proelium
1078 3482 1186 3565 coepit

191 3581 361 3650 aohabere
376 3602 454 3646 cum
468 3582 603 3646 Turcis.
657 3581 769 3646 Navis
789 3581 855 3646 suit
877 3583 1011 3648 munita
1033 3584 1185 3648 turribus

236 3689 272 3746 ct
298 3683 581 3766 propugnaculis,
610 3689 646 3746 et
672 3684 877 3765 pugnabant
905 3683 1097 3748 vecorditer
1126 3683 1185 3746 de·

236 3784 377 3865 sperati,
392 3784 475 3867 quia
497 3790 551 3847 est
572 3802 643 3846 una
663 3783 758 3846 salus
772 3784 874 3847 victis
898 3784 1028 3847 nullam
1047 3801 1186 3864 sperare

236 3884 395 3948 salutem.
421 3884 529 3948 Dirus
538 3890 613 3948 erat
624 3884 776 3947 assultus
791 3890 826 3946 et
841 3882 928 3945 dura
938 3882 1111 3961 defensio;
1126 3882 1187 3946 sed

237 3985 320 4066 quid
339 3984 426 4048 adeo
441 3984 575 4061 durum,
592 3983 684 4066 quod
705 4003 775 4047 non
795 3983 987 4046 domaverit
1006 3982 1066 4046 ille
1080 3983 1187 4046 durus

192 4107 223 4153 aa
237 4084 439 4150 durandusl
491 4084 733 4148 Devincuntur
748 4082 998 4162 Mocomicolae,
1014 4083 1113 4147 navis
1127 4082 1189 4146 illa

1212 2696 1297 2744 aptures
1313 2703 1326 2732 a

1233 2743 1345 2792 scaurum,

415 4313 435 4346 ¹⁹
447 4316 661 4380 Despondisecit.]
680 4317 755 4380 Upon
767 4316 923 4379 Sundav,12
935 4316 1008 4375 May.
1162 4390 1166 4402 υ

1018 4424 1039 4470 Ε
