3208 5036
408 497 455 543 na
479 495 741 545 aususausus
765 497 919 545 monam
937 496 1060 546 eninr.
1163 478 1205 542 41

259 675 406 739 semper,
430 657 592 723 brevibus
613 659 728 722 omnia
751 657 921 721 claudam.
975 656 1058 721 Non
1081 656 1208 740 placet,
1220 659 1371 712 A·D·11⁰l·

260 758 342 838 quia
356 777 426 821 non
441 759 594 841 expedit,
608 767 648 823 ut
668 759 812 823 ulterius
827 758 1012 822 domineris
1030 759 1067 822 in
1088 778 1207 840 regno.

262 856 454 923 Contentus
470 861 537 923 eris
553 861 755 944 episcopatu
770 867 843 936 tuo,
858 866 893 923 et
916 859 1025 922 tribus
1045 859 1208 937 castellis,

261 978 340 1040 quae
366 960 429 1024 tibi
456 960 673 1038 indulsimus,
698 968 733 1025 et
758 961 876 1042 magni
901 959 1049 1023 nominis
1075 962 1206 1025 umbra.

232 1059 317 1123 sDe
347 1060 487 1144 reliquis
517 1064 675 1126 omnibus
704 1061 856 1126 castellis
883 1060 1076 1137 reddendis
1101 1068 1136 1125 et
1165 1061 1208 1126 de

261 1171 331 1224 non
346 1162 517 1226 movenda
527 1171 686 1245 porrecta
696 1170 758 1226 aut
768 1162 973 1226 tumultibus
987 1161 1207 1239 fabricandis,

259 1261 359 1325 dabis
377 1261 620 1328 frumentarios
638 1263 786 1340 obsides
809 1271 844 1328 et
862 1263 949 1327 liber
970 1263 1065 1326 abire
1085 1269 1208 1344 postea

260 1363 390 1445 poteris
419 1383 609 1446 quaversus
640 1364 813 1429 volueris!
866 1365 971 1429 Multi
1001 1384 1105 1447 super
1133 1364 1207 1428 haeo

260 1463 370 1527 multa
398 1464 573 1542 dixerunt,
610 1485 711 1530 nemo
747 1473 888 1546 contra;
926 1465 1020 1529 solus
1048 1465 1206 1529 dominus

214 1574 247 1618 1⁰
260 1563 524 1643 Wintoniensis,
534 1574 704 1649 quatenus
713 1566 869 1649 pluribus
880 1565 1094 1649 eloquentior
1103 1573 1207 1643 esset,

260 1683 395 1747 semper
417 1667 537 1731 tacuit.
589 1668 739 1731 Demum
756 1667 1004 1744 CancellariuS,
1027 1667 1088 1730 vix
1111 1667 1206 1749 loqui

259 1766 458 1847 permissus
488 1768 549 1845 ait,
586 1768 751 1850 ‘Semper
786 1788 851 1849 ego
879 1768 1018 1832 auditor
1045 1770 1205 1831 tantum?

260 1887 482 1950 nunquamne
510 1872 701 1951 reponam?
754 1866 849 1934 Ante
888 1868 1004 1932 omnia
1039 1868 1205 1931 noveritis

259 1968 387 2050 singuli
415 1978 451 2034 et
477 1969 629 2034 universi
662 1970 754 2053 quod
792 1970 919 2033 nullius
948 1969 998 2032 rei
1029 1988 1123 2032 reum
1152 1989 1206 2032 me

214 2080 245 2124 15
260 2071 371 2133 sentio
386 2089 493 2152 quare
518 2089 557 2135 os
581 2071 727 2155 alicujus
741 2077 896 2134 vestrum
917 2070 1036 2133 timere
1051 2070 1205 2133 debeam.

260 2164 566 2253 Archiepiscopum
597 2172 862 2249 Eboracensem,
899 2191 953 2234 me
983 2190 1046 2234 nec
1076 2171 1206 2234 sciente

260 2289 323 2333 nec
345 2270 495 2348 volente,
511 2279 650 2354 captum
673 2271 849 2354 profiteor,
871 2271 907 2334 id
930 2272 1076 2336 civiliter
1100 2272 1129 2335 si
1151 2291 1205 2334 re·

260 2370 373 2452 cipitis
389 2371 445 2435 vel
460 2372 691 2436 ecclesiastice
704 2372 924 2455 probaturus
978 2372 1032 2435 De
1044 2372 1205 2435 exciden-

260 2471 317 2535 tiis
333 2473 424 2554 regis
434 2480 469 2536 et
478 2473 613 2537 feminis
624 2473 822 2538 donationis
838 2473 914 2557 ejus
925 2473 955 2536 si
966 2473 1047 2557 quid
1064 2474 1205 2556 egerim,

213 2581 248 2626 2⁰
260 2570 451 2636 (laufridus
472 2573 563 2637 filius
580 2573 688 2651 Petri,
702 2574 900 2638 Willelmus
917 2575 1080 2652 Briwere,
1097 2575 1206 2658 Hugo

261 2673 437 2751 Bardolle,
447 2694 534 2756 quos
549 2694 570 2737 a
585 2695 666 2756 rege
682 2676 898 2740 consiliarios
913 2675 1029 2752 habui,
1044 2676 1074 2738 si
1087 2675 1207 2740 liceret

259 2773 308 2836 eis
323 2773 431 2856 loqui,
454 2795 517 2858 pro
531 2795 585 2838 me
600 2775 853 2840 satisfacerent.
906 2775 988 2853 Cur,
1011 2776 1096 2839 etin
1112 2777 1206 2858 quid,

257 2873 418 2939 denarios
433 2876 524 2957 regis
541 2876 792 2959 exspenderim,
806 2884 935 2959 praesto
951 2897 1026 2939 sum
1037 2895 1147 2958 usquc
1162 2876 1206 2940 ad

259 2975 418 3039 ultimum
433 2975 661 3059 quadrantem
676 2978 844 3041 rationem
860 2977 1012 3040 reddere.
1059 2975 1206 3041 Obsides

211 3084 246 3132 2⁶
259 3075 342 3140 darc
369 3097 432 3160 pro
461 3077 642 3142 reddendis
673 3078 837 3154 castellis
865 3079 947 3141 licet
975 3077 1012 3139 in
1040 3075 1105 3140 hoo
1133 3079 1207 3160 regi

259 3179 370 3258 magis
393 3179 545 3256 timeam,
569 3179 651 3262 quia
673 3178 767 3260 cogit
788 3185 937 3260 oportet,
962 3196 1031 3240 non
1051 3177 1204 3260 diffugio.

261 3276 398 3342 Nomen
415 3281 506 3363 quod
521 3301 591 3344 non
606 3279 730 3343 valetis
745 3278 892 3356 auferre,
913 3278 1127 3341 nominatum
1143 3281 1204 3343 ad-

257 3377 325 3442 hue
341 3378 534 3457 habiturae,
550 3401 620 3444 non
632 3380 818 3461 vilipendo.
872 3379 917 3442 In
932 3397 1078 3455 summa,
1094 3380 1205 3444 scien-

257 3478 341 3544 dum
355 3481 513 3544 omnibus
529 3481 617 3557 dico,
632 3479 725 3562 quod
740 3480 782 3544 de
798 3480 894 3544 nulla
909 3463 1206 3545 administratione

213 3602 246 3648 ao
259 3580 343 3644 mihi
358 3600 380 3644 a
395 3601 477 3663 rege
496 3581 626 3645 tradita
644 3601 698 3644 me
719 3584 866 3664 depono.
920 3580 1205 3646 circumvenistis

258 3700 365 3743 unum
384 3682 534 3764 plurimi,
550 3682 709 3745 fortiores
734 3702 788 3746 me
813 3683 908 3761 estiS,
925 3690 960 3747 et
980 3703 1044 3766 ego
1061 3680 1210 3747 Cancel-

292 3959 303 3992 ³
328 3961 417 4011 Tribus
438 3961 566 4024 castellis]
600 3961 720 4022 Namely,
745 3960 800 4009 that
820 3961 912 4022 during
940 3961 982 4010 the
1009 3967 1061 4009 two
1083 3975 1156 4021 years
1181 3963 1207 4010 in

258 4033 352 4094 Dover,
360 4033 520 4114 Cambridge,
527 4032 577 4080 and
585 4030 719 4080 Hereiord.
744 4031 829 4112 rrhich
850 4032 892 4080 the
914 4031 1003 4092 bishop
1022 4030 1051 4078 of
1070 4029 1120 4091 Ely
1137 4046 1208 4080 exer·

252 4170 624 4236 ]

255 4242 538 4305 rcctlyread⁴Barde.'
745 4256 876 4303 purposes.
905 4243 957 4292 vit.
976 4242 1067 4294 Gaufr.
1086 4243 1207 4306 Archiep.

292 4311 313 4345 ²³
329 4315 470 4377 Desertae]
496 4313 619 4364 Giraldus
642 4317 719 4362 states
746 4314 821 4364 Ebor.
833 4313 861 4366 ii.
874 4317 914 4364 15.
