3208 5036
399 474 443 538 22
667 489 852 537 archanus
876 488 1090 538 nrvrsrnusrs

242 670 391 720 Amnius.
403 651 537 714 viscera
553 668 641 726 mea,
655 649 716 730 qui
730 648 896 731 pudorem
911 655 1063 712 vestram
1078 647 1281 730 propulsare
1295 667 1356 730 pa-

404 751 501 814 ratis,
553 749 611 826 Et,
634 750 716 830 quia
745 768 881 831 semper
909 749 1027 812 nocuit
1055 747 1191 812 differre
1214 749 1357 831 paratisr,

406 869 501 915 mora
515 849 669 914 tollenda
681 856 746 926 est,
761 857 802 913 ut
816 851 862 912 sit
876 850 1028 915 subitum
1042 850 1281 931 quodcumque
1296 867 1357 930 pa-

405 969 533 1017 ramus.
587 949 753 1014 Messana
775 949 858 1013 mihi
882 950 1037 1032 capietur
1057 949 1094 1012 in
1116 949 1248 1031 primia,
1264 948 1358 1013 Gris-

406 1052 503 1116 fones
531 1057 593 1114 aut
621 1070 659 1114 se
688 1051 870 1128 redimant,
889 1056 951 1114 aut
973 1049 1179 1114 vendantur.
1232 1049 1270 1114 Si
1296 1069 1359 1112 rex
1388 1071 1403 1114 a

406 1151 607 1216 Tancredus
621 1151 664 1214 de
678 1150 813 1215 dotatio
829 1149 956 1215 sororis
979 1169 1066 1213 meae
1089 1156 1125 1214 et
1138 1150 1255 1231 legato
1270 1149 1359 1213 Wil-

406 1252 501 1316 lelmi
515 1251 618 1333 regis,
634 1252 726 1333 quod
741 1271 796 1315 me
812 1272 875 1334 pro
898 1258 998 1335 patre
1021 1250 1202 1331 contingit,
1216 1250 1360 1313 celerius

408 1371 479 1416 non
508 1350 726 1429 satisfecerit,
755 1359 836 1434 post
863 1351 1164 1435 depopulationem
1187 1351 1287 1433 regni
1308 1351 1362 1414 sui

367 1505 371 1516 .
409 1452 547 1534 singula
562 1451 703 1515 reddere
719 1452 944 1534 compelletur
957 1452 994 1515 in
1009 1451 1249 1535 quadruplum.
1294 1449 1362 1514 Oc-

409 1551 569 1635 cupantis
593 1552 658 1615 erit
673 1551 835 1635 quicquid
858 1552 982 1634 cuique
996 1552 1154 1616 venietur
1174 1552 1211 1615 in
1233 1552 1362 1634 praeda,
1376 1572 1407 1618 ιο

411 1651 476 1715 soli
491 1652 630 1715 domino
652 1670 729 1715 meo
751 1653 825 1734 regi
842 1653 1067 1730 Francorum,
1082 1654 1143 1735 qni
1163 1652 1200 1715 in
1223 1653 1363 1716 civitate

411 1751 568 1833 quiescit,
584 1759 619 1816 et
647 1752 804 1816 omnibus
828 1753 913 1831 suia,
935 1760 1091 1818 servetur
1113 1771 1247 1816 summa
1269 1759 1364 1816 tran-

411 1851 577 1934 quillitas.
601 1851 843 1935 Expediantur
855 1852 946 1917 infra
960 1853 1102 1917 biduum
1116 1854 1159 1917 ad
1175 1853 1243 1916 duo
1258 1852 1366 1917 millia

413 1953 567 2034 equitum
588 1972 632 2015 ex
653 1953 816 2018 universo
831 1954 986 2018 exercitu
1000 1954 1198 2031 electorum,
1214 1954 1274 2035 qni
1295 1972 1365 2016 non

412 2051 566 2116 habeant
588 2053 692 2116 corda
714 2055 751 2116 in
771 2054 904 2136 caligis,
928 2060 963 2118 et
984 2054 1077 2118 mille
1099 2053 1232 2136 pedites
1257 2052 1365 2135 sagit·
1379 2069 1409 2114 rs

414 2153 505 2216 tarii.
558 2152 612 2217 Sit
625 2153 683 2216 lex
698 2162 838 2218 servata
851 2156 925 2218 sine
940 2155 1108 2219 remedio:
1132 2155 1249 2237 pedae,
1264 2154 1366 2237 pleno

414 2252 501 2335 pede
524 2252 673 2334 fugiens,
687 2253 809 2335 pedem
829 2254 974 2336 perdat3
997 2255 1095 2318 miles
1117 2256 1273 2338 privetur
1294 2255 1366 2318 cin-

415 2351 509 2434 gulo.
563 2351 709 2417 Militari
728 2354 910 2436 disciplina
929 2355 1077 2418 discreto
1099 2355 1219 2418 ordine
1240 2355 1369 2436 singuli

416 2452 645 2534 disponantur
665 2454 702 2516 in
725 2456 828 2531 acies,
843 2461 878 2519 et
900 2454 955 2518 die
977 2456 1080 2519 tertio
1103 2455 1147 2518 ad
1170 2456 1367 2537 clangorem

416 2552 571 2615 buccinae
586 2571 640 2616 me
655 2554 802 2634 primum
817 2562 853 2619 et
866 2555 1034 2637 praevium
1056 2563 1246 2639 sequantur
1260 2556 1303 2619 ad
1318 2555 1366 2619 ci·
1381 2570 1414 2615 ao

417 2651 584 2715 vitatem!
623 2650 710 2715 Cum
724 2655 866 2717 summis
880 2656 1104 2739 applausibus
1124 2656 1271 2720 solvitur
1284 2674 1366 2719 con-

417 2752 490 2830 ci03
513 2771 588 2829 rex,
611 2752 727 2816 vultus
752 2755 865 2836 rigore
886 2757 1041 2834 remisso,
1056 2757 1151 2820 visus
1173 2762 1227 2820 est
1243 2756 1366 2820 volun-

418 2851 483 2916 tati
498 2871 616 2915 eorum
631 2853 708 2934 ipsa
722 2853 792 2917 oris
805 2855 991 2920 serenitate
1006 2857 1137 2939 gratias
1151 2876 1265 2939 agere.

270 2968 329 3048 gem
392 3032 397 3044 ¹
470 2951 551 3036 §25
563 2952 692 3016 Mirum
699 2953 874 3019 intercidit
882 2962 923 3019 ut
930 2975 1071 3021 causam
1080 2957 1172 3040 regis
1183 2977 1246 3021 nec
1257 2956 1367 3020 hostis

418 3051 493 3136 ejus
510 3053 645 3116 causari
660 3062 777 3136 posset
790 3054 969 3139 injustam.
1021 3057 1089 3122 Die
1103 3058 1207 3122 tertio
1223 3057 1318 3140 [Oct.
1328 3057 1366 3138 4]
1384 3075 1415 3120 aa

418 3172 486 3235 quo
515 3153 755 3235 producendus
777 3161 852 3220 erat
880 3157 1064 3235 exercitus,
1094 3177 1228 3222 summo
1256 3176 1368 3234 mane,

418 3252 590 3317 Ricardus
605 3254 881 3340 archiepiscopus
890 3256 1078 3336 Messanae,
1093 3258 1369 3342 archiepiscopus

418 3353 461 3416 de
484 3352 606 3421 Monte
630 3354 768 3438 Regali,
791 3356 1068 3442 archiepiscopus
1090 3359 1133 3422 de
1156 3358 1255 3437 Risa,
1271 3356 1368 3422 Mar-

418 3453 551 3537 garitus
567 3454 767 3534 AdmireIiS,
780 3457 804 3521 J
806 3457 956 3522 ordanus
971 3459 1014 3522 de
1029 3459 1108 3536 Pin,
1124 3467 1160 3524 et
1173 3460 1288 3542 plures
1310 3457 1370 3521 alii

418 3556 461 3618 de
483 3553 708 3619 familiaribus
737 3556 909 3620 Tancredi
939 3559 1042 3640 regis,
1066 3561 1229 3624 assumtis
1252 3576 1368 3622 secum
1385 3571 1417 3616 so

420 3654 583 3738 Philippo
597 3675 679 3737 rege
696 3656 919 3736 Francorum,
935 3659 1096 3742 episcopo
1112 3659 1267 3738 Carnoti,
1282 3660 1369 3723 duce

421 3755 646 3838 Burgundiae,
662 3757 843 3820 comitibus
865 3759 908 3821 de
932 3758 1090 3824 Neverso
1109 3761 1202 3825 etde
1218 3760 1368 3835 Pertico,

421 3865 457 3922 et
470 3856 586 3920 multis
608 3857 812 3939 sequacibus
831 3859 924 3940 regis
940 3860 1109 3938 Franciae,
1121 3861 1217 3938 item,
1233 3858 1368 3924 Rotho·

421 3957 574 4040 megensi
588 3964 624 4021 et
637 3955 810 4022 Auxiensi
827 3958 1104 4044 archiepiscopis,
1120 3960 1320 4025 Ehroicensi
1335 3967 1371 4023 et

455 4133 478 4168 Β
491 4135 646 4198 Margaritae
671 4134 827 4200 caminia]
851 4137 882 4187 In
908 4139 954 4188 has
971 4139 1035 4188 been
1052 4140 1125 4189 mede
1142 4142 1370 4204 uponacompari-

421 4208 480 4257 m
490 4207 575 4270 ‹apies
585 4207 638 4255 itis
654 4206 802 4267 incorrectly
812 4208 881 4256 writ-
907 4224 951 4258 son
970 4208 1033 4258 with
1050 4210 1204 4260 Benedictus
1215 4213 1303 4262 Abbas
1319 4213 1369 4262 and

420 4286 464 4328 n
473 4277 651 4329 ‘Admirabilis
659 4278 676 4338 ;'
688 4276 730 4326 the
748 4277 879 4327 alteration
907 4279 1039 4342 Hoveden,
1050 4280 1083 4328 ed
1094 4295 1152 4331 ann.
