3208 5036
666 481 852 532 RIGARDUS
876 481 1092 530 DIVISIENSIS

663 667 769 717 ANNO
786 667 927 717 DOMINI
945 667 1089 717 M.c.xcl.

235 794 385 846 All-1¹⁹1·
451 793 536 876 §aa
562 791 805 869 Connoouwn
834 792 982 876 primum
1007 791 1097 857 inter
1122 789 1281 856 comitem
1307 793 1349 857 de

399 893 608 971 Moretonio,
637 893 780 957 fratrem
813 893 915 975 regis,
948 898 983 956 et
1011 891 1275 971 cancellarium,
1306 893 1348 958 de

398 994 563 1058 custodiis
583 994 810 1075 quorumdam
831 992 1063 1071 castellorum,
1080 1000 1116 1057 et
1137 992 1179 1056 de
1201 995 1349 1075 pecnnia
1602 1015 1603 1108 p

397 1095 514 1158 comiti
529 1114 551 1157 a
564 1093 669 1158 fratre
692 1096 734 1159 de
756 1094 929 1158 scaccario
949 1113 1124 1171 concessa,
1139 1094 1231 1176 apud
1246 1095 1346 1159 Win-
1375 1115 1390 1158 5
1602 1109 1603 1124 ¹

397 1196 528 1258 toniam
544 1195 588 1258 ad
604 1194 741 1258 Laetare
758 1195 989 1258 Hierusalem.
1015 1195 1053 1276 [4
1067 1193 1175 1275 Man]

449 1294 624 1359 Robertus
640 1296 735 1377 prior
749 1295 869 1359 Sancti
885 1295 1044 1358 Swithini
1058 1294 1261 1373 Wintoniae,
1276 1296 1345 1378 pri-

397 1402 497 1459 oratu
521 1395 640 1458 relieto
654 1403 689 1458 et
702 1395 914 1478 professione
936 1396 1142 1478 postposita,
1158 1394 1248 1478 apud
1269 1396 1346 1460 Wi-

397 1494 504 1572 tham,
518 1494 647 1572 dolore,
663 1493 726 1580 (an
740 1495 851 1561 dicam
867 1494 1049 1560 devotione
1061 1493 1094 1580 l)
1108 1495 1233 1579 dejecit
1253 1515 1290 1560 se
1310 1497 1346 1560 in
1602 1505 1603 1510 ’

399 1601 529 1658 sectam
545 1593 727 1660 Cartusiae.
1359 1615 1390 1660 ro

447 1695 625 1759 Walterus
652 1696 746 1778 prior
767 1695 951 1760 Bathoniae
974 1695 1069 1778 prius
1092 1695 1218 1759 ibidem
1244 1696 1347 1758 simili

397 1793 530 1859 fervore
568 1796 624 1859 vel
647 1795 761 1860 furore
784 1803 1039 1878 praesumserat,
1064 1796 1124 1859 sed
1152 1796 1257 1859 semel
1285 1816 1346 1859 ex·

397 1901 529 1958 tractus
550 1896 635 1959 nihil
651 1898 764 1960 minus
778 1896 915 1963 videtur
927 1895 1039 1962 adhuc
1061 1915 1164 1978 quam
1179 1896 1222 1959 de
1236 1896 1347 1960 reditu
1602 1919 1603 2004 p

396 1996 560 2078 cogitare.
1602 2007 1603 2032 l

237 2116 347 2178 richari
449 2095 467 2178 §
490 2096 544 2159 31.
569 2096 649 2159 Rex
673 2103 800 2174 autem,
829 2095 1042 2178 quidudum
1066 2095 1247 2180 juraverat
1274 2096 1347 2176 regi
1360 2114 1390 2158 15

234 2177 385 2268 &illiba
400 2195 557 2260 Franciae
573 2215 610 2260 se
624 2216 776 2260 sororem
787 2196 862 2281 ejus
874 2201 1094 2278 accepturum
1105 2196 1141 2258 in
1152 2194 1347 2278 conjugem,
1602 2181 1603 2234 l

231 2269 385 2362 {bmbmk‘n
399 2315 503 2377 quam
524 2305 624 2379 pater
645 2316 728 2360 suus
744 2296 918 2360 Henrions
940 2316 1003 2359 rex
1027 2296 1078 2359 illi
1099 2295 1298 2378 providerat
1312 2303 1348 2359 et

399 2396 458 2459 diu
472 2397 572 2461 valde
586 2397 807 2475 custodierat,
822 2397 903 2480 quia
921 2404 1117 2479 suspectam
1134 2395 1255 2459 habuit
1268 2415 1346 2459 cus·
1602 2449 1603 2456 ,

399 2496 538 2574 todiam,
567 2498 799 2562 meditabatur
824 2497 986 2580 puellam,
1010 2516 1114 2579 quam
1142 2504 1254 2560 mater
1284 2495 1345 2559 ad·
1602 2477 1603 2516 ¹

396 2597 556 2675 duxerat,
573 2597 708 2660 ducere.
761 2597 808 2661 Et
836 2605 876 2661 ut
903 2596 1120 2674 desiderium,
1145 2617 1214 2679 quo
1242 2595 1344 2661 vehe-
1357 2609 1389 2655 ao

396 2703 530 2760 menter
553 2697 708 2775 ardebat,
737 2697 811 2760 sine
838 2695 1039 2761 difficultate
1067 2703 1344 2780 consequeretur,

397 2805 579 2862 evocatum
610 2796 654 2861 ad
688 2816 725 2860 se
761 2797 920 2861 comitem
950 2796 1125 2862 Flandriae
1161 2798 1344 2875 consuluit,

396 2897 567 2961 hominem
595 2898 912 2979 eloquentissimum
937 2897 1040 2960 etad
1070 2917 1170 2962 omne
1197 2898 1344 2980 pretium

396 2997 550 3080 linguam
567 2998 761 3075 habentem,
776 2997 875 3081 cujus
888 2997 1096 3062 mediatione
1111 3018 1174 3061 rex
1186 2998 1343 3064 Franciae

397 3099 529 3162 remisit
553 3100 626 3180 regi
646 3097 785 3180 Angliae
810 3098 1046 3182 juramentum
1078 3097 1121 3161 de
1143 3118 1259 3162 sorore
1281 3098 1343 3161 du·
1356 3112 1387 3156 25

396 3198 517 3275 cenda,
534 3205 568 3263 et
593 3201 744 3282 quietam
760 3199 924 3262 clamavit
947 3199 979 3261 ei
1003 3199 1039 3261 in
1063 3207 1266 3281 perpetuum
1290 3207 1343 3263 to-

396 3295 467 3361 tam
493 3306 620 3364 terram
647 3300 689 3364 de
704 3299 881 3382 Vaegesin
905 3306 940 3363 et
969 3297 1172 3376 Gisortium,
1197 3300 1343 3382 receptis

395 3399 439 3461 ab
454 3419 495 3462 eo
511 3400 628 3464 decem
643 3400 793 3464 millibus
808 3400 971 3462 librarum
987 3400 1133 3482 argenti.

236 3519 358 3580 rnnpanu
447 3499 464 3582 ᾖ
490 3499 544 3563 32.
570 3499 651 3564 Rex
677 3500 847 3576 Franciae,
863 3518 941 3562 cum
961 3518 1023 3562 suo
1048 3499 1203 3562 exercitu
1228 3517 1343 3578 regem
1388 3531 1395 3538 -

235 3571 757 3682 llll”i¹1ny.hngliaepraecedens‚
773 3618 893 3663 versus
911 3598 1190 3682 Hierosolymam
1203 3598 1290 3661 mari
1306 3617 1343 3661 se
1356 3606 1388 3651 3⁰

395 3699 539 3763 credidit
552 3701 654 3764 tertio
668 3698 836 3763 kalendas
851 3698 993 3781 Aprilis.
1022 3699 1080 3781 [30
1101 3699 1209 3780 Man]
1262 3699 1343 3762 Rex

394 3797 533 3881 Angliae
550 3800 730 3865 relicturus
749 3798 901 3863 Siciliam
917 3799 999 3863 fecit
1018 3799 1135 3863 defieri
1151 3799 1341 3876 castellum,

428 4019 439 4052 ⁸
455 4021 529 4084 Apttd
544 4024 675 4088 Witham]
700 4025 732 4072 In
751 4022 808 4072 MS.
821 4024 853 4073 P.
881 4022 993 4071 Richard
1012 4024 1112 4086 alleged
1129 4024 1184 4072 that
1201 4023 1275 4072 Alice
1292 4022 1343 4072 had

393 4093 537 4142 Witteham.
880 4094 944 4142 been
960 4094 1071 4142 seduced
1086 4094 1121 4155 by
1137 4093 1177 4142 his
1194 4094 1245 4142 lete
1262 4093 1344 4142 father

428 4159 446 4192 ¹¹
455 4162 533 4211 Prius
538 4163 648 4226 ibidem]
658 4164 735 4212 Prius
744 4163 771 4210 id
779 4162 856 4223 idem,
882 4164 980 4226 fleury,
991 4167 1017 4212 to
1027 4164 1110 4213 whom
1121 4164 1166 4213 she
1178 4165 1229 4213 had
1240 4165 1315 4212 borne
1327 4179 1343 4212 a

393 4233 453 4281 MS.
470 4233 503 4281 P.
882 4249 936 4294 son,
947 4235 997 4282 and
1009 4235 1101 4284 offered
1120 4240 1146 4284 to
1165 4234 1291 4296 provehis
1303 4248 1343 4282 as·

428 4300 449 4333 ¹⁸
460 4304 601 4366 Suspectam
609 4303 855 4367 habuitcmtodiom]
883 4305 982 4354 sertion.
