<?xml version="1.0" encoding="UTF-8"?>
<!DOCTYPE html PUBLIC "-//W3C//DTD XHTML 1.0 Transitional//EN"
    "http://www.w3.org/TR/xhtml1/DTD/xhtml1-transitional.dtd">
<html xmlns="http://www.w3.org/1999/xhtml" xml:lang="en" lang="en">
 <head>
  <title>
</title>
<meta http-equiv="Content-Type" content="text/html;charset=utf-8" />
  <meta name='ocr-system' content='tesseract 3.04.00' />
  <meta name='ocr-capabilities' content='ocr_page ocr_carea ocr_par ocr_line ocrx_word'/>
</head>
<body>
  <div class='ocr_page' id='page_1' title='image "./chroniconricard00stevgoog_0070.png"; bbox 0 0 3208 5036; ppageno 0'>
   <div class='ocr_carea' id='block_1_1' title="bbox 380 499 1177 562">
    <p class='ocr_par' dir='ltr' id='par_1_1' title="bbox 380 499 1177 562">
     <span class='ocr_line' id='line_1_1' title="bbox 380 499 1177 562; baseline 0.005 -4"><span class='ocrx_word' id='word_1_1' title='bbox 380 513 426 558; x_wconf 83' lang='lat' dir='ltr'><strong>na</strong></span> <span class='ocrx_word' id='word_1_2' title='bbox 449 512 566 560; x_wconf 84' lang='lat' dir='ltr'><strong>nanus</strong></span> <span class='ocrx_word' id='word_1_3' title='bbox 589 512 712 560; x_wconf 82' lang='lat' dir='ltr'><strong>eusrrs</strong></span> <span class='ocrx_word' id='word_1_4' title='bbox 737 512 888 560; x_wconf 77' lang='lat' dir='ltr'><strong>nreanm</strong></span> <span class='ocrx_word' id='word_1_5' title='bbox 917 514 1030 562; x_wconf 72' lang='lat' dir='ltr'><strong>parur.</strong></span> <span class='ocrx_word' id='word_1_6' title='bbox 1134 499 1177 562; x_wconf 84' lang='grc'><strong>51</strong></span> 
     </span>
    </p>
   </div>
   <div class='ocr_carea' id='block_1_2' title="bbox 179 667 1339 4170">
    <p class='ocr_par' dir='ltr' id='par_1_2' title="bbox 179 667 1339 4170">
     <span class='ocr_line' id='line_1_2' title="bbox 227 667 1338 753; baseline 0.001 -19"><span class='ocrx_word' id='word_1_7' title='bbox 227 670 347 735; x_wconf 85' lang='lat' dir='ltr'><strong>‘Mate</strong></span> <span class='ocrx_word' id='word_1_8' title='bbox 361 667 498 735; x_wconf 84' lang='lat' dir='ltr'><strong>Grifun&#39;</strong></span> <span class='ocrx_word' id='word_1_9' title='bbox 514 673 772 753; x_wconf 84' lang='lat' dir='ltr'><strong>nominaverat3</strong></span> <span class='ocrx_word' id='word_1_10' title='bbox 789 679 824 737; x_wconf 90' lang='lat' dir='ltr'><strong>et</strong></span> <span class='ocrx_word' id='word_1_11' title='bbox 838 673 1095 738; x_wconf 83' lang='lat' dir='ltr'><strong>antelucanum</strong></span> <span class='ocrx_word' id='word_1_12' title='bbox 1109 673 1176 738; x_wconf 92' lang='lat' dir='ltr'><strong>diei</strong></span> <span class='ocrx_word' id='word_1_13' title='bbox 1189 679 1338 736; x_wconf 65' lang='lat' dir='ltr'><strong>annor.</strong></span> 
     </span>
     <span class='ocr_line' id='line_1_3' title="bbox 225 772 1175 858; baseline 0.003 -23"><span class='ocrx_word' id='word_1_14' title='bbox 225 779 360 855; x_wconf 85' lang='lat' dir='ltr'><strong>quartae</strong></span> <span class='ocrx_word' id='word_1_15' title='bbox 388 772 486 836; x_wconf 90' lang='lat' dir='ltr'><strong>stetit</strong></span> <span class='ocrx_word' id='word_1_16' title='bbox 514 772 675 836; x_wconf 87' lang='lat' dir='ltr'><strong>machina</strong></span> <span class='ocrx_word' id='word_1_17' title='bbox 698 773 805 858; x_wconf 86' lang='lat' dir='ltr'><strong>juxta</strong></span> <span class='ocrx_word' id='word_1_18' title='bbox 831 793 948 838; x_wconf 90' lang='lat' dir='ltr'><strong>muros</strong></span> <span class='ocrx_word' id='word_1_19' title='bbox 972 773 1175 854; x_wconf 87' lang='lat' dir='ltr'><strong>Accaronis‚</strong></span> 
     </span>
     <span class='ocr_line' id='line_1_4' title="bbox 225 873 1176 958; baseline 0.006 -23"><span class='ocrx_word' id='word_1_20' title='bbox 225 893 303 956; x_wconf 87' lang='lat' dir='ltr'><strong>quae</strong></span> <span class='ocrx_word' id='word_1_21' title='bbox 329 893 393 936; x_wconf 87' lang='lat' dir='ltr'><strong>sua</strong></span> <span class='ocrx_word' id='word_1_22' title='bbox 414 873 622 956; x_wconf 86' lang='lat' dir='ltr'><strong>proceritate</strong></span> <span class='ocrx_word' id='word_1_23' title='bbox 648 874 712 938; x_wconf 92' lang='lat' dir='ltr'><strong>sub</strong></span> <span class='ocrx_word' id='word_1_24' title='bbox 735 875 943 957; x_wconf 87' lang='lat' dir='ltr'><strong>sepositam</strong></span> <span class='ocrx_word' id='word_1_25' title='bbox 965 874 1176 958; x_wconf 81' lang='lat' dir='ltr'>despiciebat</span> 
     </span>
     <span class='ocr_line' id='line_1_5' title="bbox 225 974 1175 1058; baseline 0.005 -22"><span class='ocrx_word' id='word_1_26' title='bbox 225 974 423 1054; x_wconf 68' lang='lat' dir='ltr'><strong>civitatem</strong></span> <span class='ocrx_word' id='word_1_27' title='bbox 448 981 615 1057; x_wconf 90' lang='lat' dir='ltr'><strong>erantque</strong></span> <span class='ocrx_word' id='word_1_28' title='bbox 643 975 789 1058; x_wconf 85' lang='lat' dir='ltr'>desuper</span> <span class='ocrx_word' id='word_1_29' title='bbox 811 976 983 1056; x_wconf 86' lang='lat' dir='ltr'><strong>sagittarii</strong></span> <span class='ocrx_word' id='word_1_30' title='bbox 999 974 1076 1058; x_wconf 87' lang='lat' dir='ltr'><strong>jam</strong></span> <span class='ocrx_word' id='word_1_31' title='bbox 1097 984 1175 1041; x_wconf 87' lang='lat' dir='ltr'><strong>orto</strong></span> 
     </span>
     <span class='ocr_line' id='line_1_6' title="bbox 196 1075 1174 1142; baseline 0.003 -5"><span class='ocrx_word' id='word_1_32' title='bbox 196 1075 298 1138; x_wconf 71' lang='lat' dir='ltr'><strong>osole</strong></span> <span class='ocrx_word' id='word_1_33' title='bbox 312 1075 386 1138; x_wconf 92' lang='lat' dir='ltr'><strong>sine</strong></span> <span class='ocrx_word' id='word_1_34' title='bbox 397 1075 588 1139; x_wconf 86' lang='lat' dir='ltr'><strong>cessatione</strong></span> <span class='ocrx_word' id='word_1_35' title='bbox 598 1075 635 1138; x_wconf 93' lang='lat' dir='ltr'><strong>in</strong></span> <span class='ocrx_word' id='word_1_36' title='bbox 644 1075 777 1140; x_wconf 87' lang='lat' dir='ltr'><strong>Turcos</strong></span> <span class='ocrx_word' id='word_1_37' title='bbox 792 1084 827 1140; x_wconf 91' lang='lat' dir='ltr'><strong>ot</strong></span> <span class='ocrx_word' id='word_1_38' title='bbox 836 1075 991 1140; x_wconf 86' lang='lat' dir='ltr'><strong>Thraoos</strong></span> <span class='ocrx_word' id='word_1_39' title='bbox 1000 1077 1174 1142; x_wconf 83' lang='lat' dir='ltr'><strong>mittentes</strong></span> 
     </span>
     <span class='ocr_line' id='line_1_7' title="bbox 224 1174 1176 1259; baseline 0.002 -21"><span class='ocrx_word' id='word_1_40' title='bbox 224 1175 379 1239; x_wconf 79' lang='lat' dir='ltr'><strong>missilia.</strong></span> <span class='ocrx_word' id='word_1_41' title='bbox 431 1174 599 1240; x_wconf 89' lang='lat' dir='ltr'><strong>Petrariae</strong></span> <span class='ocrx_word' id='word_1_42' title='bbox 625 1176 729 1240; x_wconf 86' lang='lat' dir='ltr'><strong>etiam</strong></span> <span class='ocrx_word' id='word_1_43' title='bbox 757 1196 819 1259; x_wconf 89' lang='lat' dir='ltr'><strong>per</strong></span> <span class='ocrx_word' id='word_1_44' title='bbox 846 1178 1077 1259; x_wconf 78' lang='lat' dir='ltr'><strong>competentia</strong></span> <span class='ocrx_word' id='word_1_45' title='bbox 1098 1176 1176 1241; x_wconf 90' lang='lat' dir='ltr'><strong>loca</strong></span> 
     </span>
     <span class='ocr_line' id='line_1_8' title="bbox 224 1275 1175 1360; baseline 0.003 -22"><span class='ocrx_word' id='word_1_46' title='bbox 224 1275 349 1340; x_wconf 85' lang='lat' dir='ltr'><strong>locatae</strong></span> <span class='ocrx_word' id='word_1_47' title='bbox 370 1276 498 1341; x_wconf 89' lang='lat' dir='ltr'><strong>crebris</strong></span> <span class='ocrx_word' id='word_1_48' title='bbox 523 1276 676 1360; x_wconf 90' lang='lat' dir='ltr'><strong>jactibus</strong></span> <span class='ocrx_word' id='word_1_49' title='bbox 699 1277 829 1341; x_wconf 91' lang='lat' dir='ltr'><strong>moenia</strong></span> <span class='ocrx_word' id='word_1_50' title='bbox 854 1277 1047 1342; x_wconf 85' lang='lat' dir='ltr'><strong>diruebant.</strong></span> <span class='ocrx_word' id='word_1_51' title='bbox 1105 1276 1175 1341; x_wconf 91' lang='lat' dir='ltr'><strong>His</strong></span> 
     </span>
     <span class='ocr_line' id='line_1_9' title="bbox 225 1377 1173 1461; baseline 0.004 -23"><span class='ocrx_word' id='word_1_52' title='bbox 225 1377 402 1457; x_wconf 86' lang='lat' dir='ltr'><strong>graviores</strong></span> <span class='ocrx_word' id='word_1_53' title='bbox 411 1377 482 1441; x_wconf 86' lang='lat' dir='ltr'><strong>-viri</strong></span> <span class='ocrx_word' id='word_1_54' title='bbox 496 1377 682 1460; x_wconf 85' lang='lat' dir='ltr'><strong>talponarii</strong></span> <span class='ocrx_word' id='word_1_55' title='bbox 696 1379 760 1442; x_wconf 92' lang='lat' dir='ltr'><strong>sub</strong></span> <span class='ocrx_word' id='word_1_56' title='bbox 781 1384 874 1442; x_wconf 89' lang='lat' dir='ltr'><strong>terra</strong></span> <span class='ocrx_word' id='word_1_57' title='bbox 888 1379 981 1442; x_wconf 87' lang='lat' dir='ltr'><strong>viam</strong></span> <span class='ocrx_word' id='word_1_58' title='bbox 1003 1378 1070 1443; x_wconf 91' lang='lat' dir='ltr'><strong>sibi</strong></span> <span class='ocrx_word' id='word_1_59' title='bbox 1091 1397 1173 1461; x_wconf 85' lang='lat' dir='ltr'><strong>ape-</strong></span> 
     </span>
     <span class='ocr_line' id='line_1_10' title="bbox 224 1477 1175 1560; baseline 0.002 -20"><span class='ocrx_word' id='word_1_60' title='bbox 224 1477 364 1554; x_wconf 85' lang='lat' dir='ltr'><strong>rientes,</strong></span> <span class='ocrx_word' id='word_1_61' title='bbox 378 1497 554 1541; x_wconf 91' lang='lat' dir='ltr'><strong>murorum</strong></span> <span class='ocrx_word' id='word_1_62' title='bbox 575 1477 801 1543; x_wconf 88' lang='lat' dir='ltr'><strong>fundamenta</strong></span> <span class='ocrx_word' id='word_1_63' title='bbox 826 1478 1090 1560; x_wconf 79' lang='lat' dir='ltr'><strong>subfodiebont3</strong></span> <span class='ocrx_word' id='word_1_64' title='bbox 1112 1479 1175 1542; x_wconf 90' lang='lat' dir='ltr'><strong>sed</strong></span> 
     </span>
     <span class='ocr_line' id='line_1_11' title="bbox 180 1578 1172 1662; baseline 0 -20"><span class='ocrx_word' id='word_1_65' title='bbox 180 1589 213 1634; x_wconf 86' lang='lat'><strong>1⁰</strong></span> <span class='ocrx_word' id='word_1_66' title='bbox 225 1585 272 1655; x_wconf 90' lang='lat' dir='ltr'><strong>et,</strong></span> <span class='ocrx_word' id='word_1_67' title='bbox 287 1578 389 1642; x_wconf 89' lang='lat' dir='ltr'><strong>scalis</strong></span> <span class='ocrx_word' id='word_1_68' title='bbox 404 1579 584 1661; x_wconf 86' lang='lat' dir='ltr'><strong>appositis,</strong></span> <span class='ocrx_word' id='word_1_69' title='bbox 599 1599 661 1662; x_wconf 91' lang='lat' dir='ltr'><strong>per</strong></span> <span class='ocrx_word' id='word_1_70' title='bbox 681 1581 943 1662; x_wconf 86' lang='lat' dir='ltr'><strong>propugnacula</strong></span> <span class='ocrx_word' id='word_1_71' title='bbox 956 1580 1098 1644; x_wconf 85' lang='lat' dir='ltr'><strong>scutarii</strong></span> <span class='ocrx_word' id='word_1_72' title='bbox 1119 1580 1172 1643; x_wconf 92' lang='lat' dir='ltr'><strong>in-</strong></span> 
     </span>
     <span class='ocr_line' id='line_1_12' title="bbox 224 1680 1174 1764; baseline 0.002 -23"><span class='ocrx_word' id='word_1_73' title='bbox 224 1698 381 1760; x_wconf 90' lang='lat' dir='ltr'><strong>gressum</strong></span> <span class='ocrx_word' id='word_1_74' title='bbox 396 1681 655 1744; x_wconf 86' lang='lat' dir='ltr'><strong>securabantur.</strong></span> <span class='ocrx_word' id='word_1_75' title='bbox 707 1680 933 1746; x_wconf 87' lang='lat' dir='ltr'><strong>Discurrebat</strong></span> <span class='ocrx_word' id='word_1_76' title='bbox 947 1701 1010 1744; x_wconf 83' lang='lat' dir='ltr'><strong>rex</strong></span> <span class='ocrx_word' id='word_1_77' title='bbox 1023 1681 1098 1764; x_wconf 90' lang='lat' dir='ltr'><strong>ipse</strong></span> <span class='ocrx_word' id='word_1_78' title='bbox 1112 1700 1174 1763; x_wconf 91' lang='lat' dir='ltr'><strong>per</strong></span> 
     </span>
     <span class='ocr_line' id='line_1_13' title="bbox 224 1779 1172 1862; baseline 0.002 -20"><span class='ocrx_word' id='word_1_79' title='bbox 224 1799 364 1856; x_wconf 89' lang='lat' dir='ltr'><strong>cuneos,</strong></span> <span class='ocrx_word' id='word_1_80' title='bbox 379 1780 442 1844; x_wconf 92' lang='lat' dir='ltr'><strong>hos</strong></span> <span class='ocrx_word' id='word_1_81' title='bbox 465 1781 651 1858; x_wconf 79' lang='lat' dir='ltr'><strong>instruere,</strong></span> <span class='ocrx_word' id='word_1_82' title='bbox 666 1779 730 1844; x_wconf 89' lang='lat' dir='ltr'><strong>hos</strong></span> <span class='ocrx_word' id='word_1_83' title='bbox 754 1799 915 1862; x_wconf 82' lang='lat' dir='ltr'><strong>arguens,</strong></span> <span class='ocrx_word' id='word_1_84' title='bbox 930 1780 994 1846; x_wconf 90' lang='lat' dir='ltr'><strong>hos</strong></span> <span class='ocrx_word' id='word_1_85' title='bbox 1014 1781 1172 1861; x_wconf 87' lang='lat' dir='ltr'><strong>instimu-</strong></span> 
     </span>
     <span class='ocr_line' id='line_1_14' title="bbox 224 1880 1173 1964; baseline 0.002 -21"><span class='ocrx_word' id='word_1_86' title='bbox 224 1880 313 1957; x_wconf 88' lang='lat' dir='ltr'><strong>lans,</strong></span> <span class='ocrx_word' id='word_1_87' title='bbox 339 1887 374 1944; x_wconf 93' lang='lat' dir='ltr'><strong>et</strong></span> <span class='ocrx_word' id='word_1_88' title='bbox 397 1881 447 1945; x_wconf 91' lang='lat' dir='ltr'><strong>sic</strong></span> <span class='ocrx_word' id='word_1_89' title='bbox 470 1881 590 1945; x_wconf 87' lang='lat' dir='ltr'><strong>aderat</strong></span> <span class='ocrx_word' id='word_1_90' title='bbox 611 1880 738 1963; x_wconf 89' lang='lat' dir='ltr'><strong>ubique</strong></span> <span class='ocrx_word' id='word_1_91' title='bbox 764 1901 826 1964; x_wconf 90' lang='lat' dir='ltr'><strong>per</strong></span> <span class='ocrx_word' id='word_1_92' title='bbox 850 1882 1018 1964; x_wconf 85' lang='lat' dir='ltr'><strong>singulos,</strong></span> <span class='ocrx_word' id='word_1_93' title='bbox 1046 1888 1087 1945; x_wconf 93' lang='lat' dir='ltr'><strong>ut</strong></span> <span class='ocrx_word' id='word_1_94' title='bbox 1107 1881 1173 1945; x_wconf 94' lang='lat' dir='ltr'><strong>sibi</strong></span> 
     </span>
     <span class='ocr_line' id='line_1_15' title="bbox 224 1980 1172 2065; baseline 0.001 -22"><span class='ocrx_word' id='word_1_95' title='bbox 224 1981 446 2063; x_wconf 87' lang='lat' dir='ltr'><strong>singulariter</strong></span> <span class='ocrx_word' id='word_1_96' title='bbox 460 1981 599 2046; x_wconf 82' lang='lat' dir='ltr'><strong>deberet</strong></span> <span class='ocrx_word' id='word_1_97' title='bbox 613 1980 739 2046; x_wconf 79' lang='lat' dir='ltr'><strong>ascribi</strong></span> <span class='ocrx_word' id='word_1_98' title='bbox 751 1982 913 2065; x_wconf 90' lang='lat' dir='ltr'><strong>quicquid</strong></span> <span class='ocrx_word' id='word_1_99' title='bbox 926 1982 1055 2064; x_wconf 83' lang='lat' dir='ltr'><strong>singuli</strong></span> <span class='ocrx_word' id='word_1_100' title='bbox 1068 1981 1172 2044; x_wconf 71' lang='lat' dir='ltr'><strong>facia</strong></span> 
     </span>
     <span class='ocr_line' id='line_1_16' title="bbox 179 2081 1174 2166; baseline 0 -21"><span class='ocrx_word' id='word_1_101' title='bbox 179 2099 211 2145; x_wconf 83' lang='lat'><strong>1⁵</strong></span> <span class='ocrx_word' id='word_1_102' title='bbox 223 2083 320 2152; x_wconf 84' lang='lat' dir='ltr'><strong>bant.</strong></span> <span class='ocrx_word' id='word_1_103' title='bbox 372 2081 453 2146; x_wconf 88' lang='lat' dir='ltr'><strong>Rex</strong></span> <span class='ocrx_word' id='word_1_104' title='bbox 480 2081 692 2146; x_wconf 81' lang='lat' dir='ltr'>Francorum</span> <span class='ocrx_word' id='word_1_105' title='bbox 707 2082 811 2146; x_wconf 84' lang='lat' dir='ltr'><strong>etiam</strong></span> <span class='ocrx_word' id='word_1_106' title='bbox 832 2083 907 2166; x_wconf 92' lang='lat' dir='ltr'><strong>ipse</strong></span> <span class='ocrx_word' id='word_1_107' title='bbox 928 2103 999 2147; x_wconf 92' lang='lat' dir='ltr'><strong>non</strong></span> <span class='ocrx_word' id='word_1_108' title='bbox 1021 2081 1174 2163; x_wconf 83' lang='lat' dir='ltr'><strong>segniter</strong></span> 
     </span>
     <span class='ocr_line' id='line_1_17' title="bbox 224 2182 1174 2267; baseline 0.001 -21"><span class='ocrx_word' id='word_1_109' title='bbox 224 2183 308 2264; x_wconf 86' lang='lat' dir='ltr'><strong>egit,</strong></span> <span class='ocrx_word' id='word_1_110' title='bbox 335 2183 453 2265; x_wconf 90' lang='lat' dir='ltr'><strong>quiet</strong></span> <span class='ocrx_word' id='word_1_111' title='bbox 476 2183 569 2265; x_wconf 86' lang='lat' dir='ltr'><strong>apud</strong></span> <span class='ocrx_word' id='word_1_112' title='bbox 597 2189 726 2246; x_wconf 90' lang='lat' dir='ltr'><strong>turrem</strong></span> <span class='ocrx_word' id='word_1_113' title='bbox 752 2183 858 2261; x_wconf 91' lang='lat' dir='ltr'><strong>urbis,</strong></span> <span class='ocrx_word' id='word_1_114' title='bbox 881 2203 960 2267; x_wconf 87' lang='lat' dir='ltr'><strong>quae</strong></span> <span class='ocrx_word' id='word_1_115' title='bbox 984 2182 1174 2247; x_wconf 85' lang='lat' dir='ltr'><strong>Maledicta</strong></span> 
     </span>
     <span class='ocr_line' id='line_1_18' title="bbox 223 2283 1170 2367; baseline 0 -21"><span class='ocrx_word' id='word_1_116' title='bbox 223 2283 360 2360; x_wconf 90' lang='lat' dir='ltr'><strong>dicitur,</strong></span> <span class='ocrx_word' id='word_1_117' title='bbox 375 2301 476 2346; x_wconf 90' lang='lat' dir='ltr'><strong>sunm</strong></span> <span class='ocrx_word' id='word_1_118' title='bbox 490 2283 627 2367; x_wconf 89' lang='lat' dir='ltr'><strong>qualem</strong></span> <span class='ocrx_word' id='word_1_119' title='bbox 641 2284 755 2366; x_wconf 84' lang='lat' dir='ltr'><strong>potnit</strong></span> <span class='ocrx_word' id='word_1_120' title='bbox 768 2284 850 2348; x_wconf 87' lang='lat' dir='ltr'><strong>fecit</strong></span> <span class='ocrx_word' id='word_1_121' title='bbox 864 2283 1046 2349; x_wconf 87' lang='lat' dir='ltr'><strong>assultum.</strong></span> <span class='ocrx_word' id='word_1_122' title='bbox 1167 2305 1170 2310; x_wconf 90' lang='lat'>·</span> 
     </span>
     <span class='ocr_line' id='line_1_19' title="bbox 276 2382 1173 2468; baseline 0 -22"><span class='ocrx_word' id='word_1_123' title='bbox 276 2383 363 2468; x_wconf 67' lang='lat' dir='ltr'><strong>§db</strong></span> <span class='ocrx_word' id='word_1_124' title='bbox 387 2382 568 2448; x_wconf 89' lang='lat' dir='ltr'><strong>Praeerant</strong></span> <span class='ocrx_word' id='word_1_125' title='bbox 588 2391 672 2449; x_wconf 90' lang='lat' dir='ltr'><strong>tunc</strong></span> <span class='ocrx_word' id='word_1_126' title='bbox 686 2383 849 2466; x_wconf 91' lang='lat' dir='ltr'><strong>temporis</strong></span> <span class='ocrx_word' id='word_1_127' title='bbox 871 2385 1020 2451; x_wconf 83' lang='lat' dir='ltr'><strong>obsessae</strong></span> <span class='ocrx_word' id='word_1_128' title='bbox 1040 2383 1173 2447; x_wconf 81' lang='lat' dir='ltr'><strong>civitati</strong></span> 
     </span>
     <span class='ocr_line' id='line_1_20' title="bbox 225 2483 1172 2567; baseline -0.002 -19"><span class='ocrx_word' id='word_1_129' title='bbox 225 2483 291 2547; x_wconf 82' lang='lat' dir='ltr'><strong>viri</strong></span> <span class='ocrx_word' id='word_1_130' title='bbox 311 2485 476 2562; x_wconf 85' lang='lat' dir='ltr'><strong>illustres,</strong></span> <span class='ocrx_word' id='word_1_131' title='bbox 494 2483 674 2548; x_wconf 83' lang='lat' dir='ltr'><strong>Camacois</strong></span> <span class='ocrx_word' id='word_1_132' title='bbox 700 2492 735 2549; x_wconf 91' lang='lat' dir='ltr'><strong>et</strong></span> <span class='ocrx_word' id='word_1_133' title='bbox 759 2485 948 2562; x_wconf 87' lang='lat' dir='ltr'><strong>Mestocus,</strong></span> <span class='ocrx_word' id='word_1_134' title='bbox 972 2491 1053 2567; x_wconf 88' lang='lat' dir='ltr'><strong>post</strong></span> <span class='ocrx_word' id='word_1_135' title='bbox 1074 2483 1172 2547; x_wconf 89' lang='lat' dir='ltr'><strong>Sala-</strong></span> 
     </span>
     <span class='ocr_line' id='line_1_21' title="bbox 179 2582 1174 2668; baseline 0 -21"><span class='ocrx_word' id='word_1_136' title='bbox 179 2582 390 2648; x_wconf 78' lang='lat' dir='ltr'><strong>mhadinum</strong></span> <span class='ocrx_word' id='word_1_137' title='bbox 423 2585 595 2668; x_wconf 89' lang='lat' dir='ltr'><strong>principes</strong></span> <span class='ocrx_word' id='word_1_138' title='bbox 629 2585 810 2667; x_wconf 84' lang='lat' dir='ltr'><strong>gentilium</strong></span> <span class='ocrx_word' id='word_1_139' title='bbox 843 2585 1085 2668; x_wconf 88' lang='lat' dir='ltr'><strong>potentissimi,</strong></span> <span class='ocrx_word' id='word_1_140' title='bbox 1115 2585 1174 2667; x_wconf 91' lang='lat' dir='ltr'><strong>qni</strong></span> 
     </span>
     <span class='ocr_line' id='line_1_22' title="bbox 225 2685 1173 2769; baseline 0 -19"><span class='ocrx_word' id='word_1_141' title='bbox 225 2692 309 2767; x_wconf 84' lang='lat' dir='ltr'><strong>post</strong></span> <span class='ocrx_word' id='word_1_142' title='bbox 330 2693 505 2757; x_wconf 79' lang='lat' dir='ltr'><strong>certamen</strong></span> <span class='ocrx_word' id='word_1_143' title='bbox 526 2685 657 2750; x_wconf 86' lang='lat' dir='ltr'><strong>dierum</strong></span> <span class='ocrx_word' id='word_1_144' title='bbox 686 2685 847 2768; x_wconf 88' lang='lat' dir='ltr'><strong>plurium,</strong></span> <span class='ocrx_word' id='word_1_145' title='bbox 877 2705 956 2750; x_wconf 88' lang='lat' dir='ltr'><strong>cum</strong></span> <span class='ocrx_word' id='word_1_146' title='bbox 984 2706 1047 2769; x_wconf 88' lang='lat' dir='ltr'><strong>per</strong></span> <span class='ocrx_word' id='word_1_147' title='bbox 1067 2687 1173 2750; x_wconf 91' lang='lat' dir='ltr'><strong>inter·</strong></span> 
     </span>
     <span class='ocr_line' id='line_1_23' title="bbox 225 2786 1174 2868; baseline -0.001 -19"><span class='ocrx_word' id='word_1_148' title='bbox 225 2793 340 2867; x_wconf 86' lang='lat' dir='ltr'><strong>pretes</strong></span> <span class='ocrx_word' id='word_1_149' title='bbox 353 2786 562 2851; x_wconf 86' lang='lat' dir='ltr'><strong>deditionem</strong></span> <span class='ocrx_word' id='word_1_150' title='bbox 583 2786 678 2850; x_wconf 89' lang='lat' dir='ltr'><strong>urbis</strong></span> <span class='ocrx_word' id='word_1_151' title='bbox 700 2787 950 2868; x_wconf 86' lang='lat' dir='ltr'><strong>promitterent,</strong></span> <span class='ocrx_word' id='word_1_152' title='bbox 965 2794 1001 2852; x_wconf 92' lang='lat' dir='ltr'><strong>et</strong></span> <span class='ocrx_word' id='word_1_153' title='bbox 1022 2787 1174 2868; x_wconf 85' lang='lat' dir='ltr'><strong>capitum</strong></span> 
     </span>
     <span class='ocr_line' id='line_1_24' title="bbox 226 2873 1172 2967; baseline 0 -18"><span class='ocrx_word' id='word_1_154' title='bbox 226 2887 482 2964; x_wconf 89' lang='lat' dir='ltr'><strong>redemtionem,</strong></span> <span class='ocrx_word' id='word_1_155' title='bbox 502 2906 565 2950; x_wconf 83' lang='lat' dir='ltr'><strong>rex</strong></span> <span class='ocrx_word' id='word_1_156' title='bbox 580 2883 775 2967; x_wconf 89' lang='lat' dir='ltr'><strong>Anglorum</strong></span> <span class='ocrx_word' id='word_1_157' title='bbox 790 2873 930 2952; x_wconf 80' lang='lat' dir='ltr'><strong>volebat</strong></span> <span class='ocrx_word' id='word_1_158' title='bbox 943 2888 1074 2952; x_wconf 82' lang='lat' dir='ltr'><strong>viribus</strong></span> <span class='ocrx_word' id='word_1_159' title='bbox 1096 2886 1172 2950; x_wconf 87' lang='lat' dir='ltr'><strong>vin-</strong></span> 
     </span>
     <span class='ocr_line' id='line_1_25' title="bbox 225 2985 1173 3070; baseline 0 -21"><span class='ocrx_word' id='word_1_160' title='bbox 225 3006 302 3051; x_wconf 87' lang='lat' dir='ltr'><strong>cere</strong></span> <span class='ocrx_word' id='word_1_161' title='bbox 332 2987 543 3070; x_wconf 80' lang='lat' dir='ltr'><strong>desperatoS,</strong></span> <span class='ocrx_word' id='word_1_162' title='bbox 571 2986 709 3050; x_wconf 89' lang='lat' dir='ltr'><strong>volebat</strong></span> <span class='ocrx_word' id='word_1_163' title='bbox 738 2993 774 3051; x_wconf 92' lang='lat' dir='ltr'><strong>et</strong></span> <span class='ocrx_word' id='word_1_164' title='bbox 805 2987 917 3051; x_wconf 86' lang='lat' dir='ltr'><strong>victos</strong></span> <span class='ocrx_word' id='word_1_165' title='bbox 948 3007 1011 3069; x_wconf 92' lang='lat' dir='ltr'><strong>pro</strong></span> <span class='ocrx_word' id='word_1_166' title='bbox 1041 2985 1173 3050; x_wconf 90' lang='lat' dir='ltr'><strong>redem-</strong></span> 
     </span>
     <span class='ocr_line' id='line_1_26' title="bbox 179 3086 1174 3170; baseline -0.003 -17"><span class='ocrx_word' id='word_1_167' title='bbox 179 3106 212 3153; x_wconf 75' lang='lat'><strong>25</strong></span> <span class='ocrx_word' id='word_1_168' title='bbox 227 3087 320 3151; x_wconf 90' lang='lat' dir='ltr'><strong>tione</strong></span> <span class='ocrx_word' id='word_1_169' title='bbox 337 3107 518 3170; x_wconf 88' lang='lat' dir='ltr'><strong>corporum</strong></span> <span class='ocrx_word' id='word_1_170' title='bbox 540 3087 656 3169; x_wconf 85' lang='lat' dir='ltr'><strong>capite</strong></span> <span class='ocrx_word' id='word_1_171' title='bbox 679 3086 834 3166; x_wconf 85' lang='lat' dir='ltr'><strong>solvere3</strong></span> <span class='ocrx_word' id='word_1_172' title='bbox 858 3087 930 3164; x_wconf 91' lang='lat' dir='ltr'><strong>sed,</strong></span> <span class='ocrx_word' id='word_1_173' title='bbox 946 3094 1071 3168; x_wconf 88' lang='lat' dir='ltr'><strong>agente</strong></span> <span class='ocrx_word' id='word_1_174' title='bbox 1092 3107 1174 3168; x_wconf 88' lang='lat' dir='ltr'><strong>rege</strong></span> 
     </span>
     <span class='ocr_line' id='line_1_27' title="bbox 229 3187 1174 3266; baseline 0 -16"><span class='ocrx_word' id='word_1_175' title='bbox 229 3187 453 3266; x_wconf 84' lang='lat' dir='ltr'><strong>Francorum,</strong></span> <span class='ocrx_word' id='word_1_176' title='bbox 470 3188 606 3252; x_wconf 84' lang='lat' dir='ltr'><strong>indulta</strong></span> <span class='ocrx_word' id='word_1_177' title='bbox 627 3193 681 3251; x_wconf 88' lang='lat' dir='ltr'><strong>est</strong></span> <span class='ocrx_word' id='word_1_178' title='bbox 703 3187 752 3251; x_wconf 89' lang='lat' dir='ltr'><strong>eis</strong></span> <span class='ocrx_word' id='word_1_179' title='bbox 774 3194 911 3251; x_wconf 89' lang='lat' dir='ltr'><strong>tantum</strong></span> <span class='ocrx_word' id='word_1_180' title='bbox 925 3189 999 3252; x_wconf 83' lang='lat' dir='ltr'><strong>vita</strong></span> <span class='ocrx_word' id='word_1_181' title='bbox 1021 3207 1099 3251; x_wconf 91' lang='lat' dir='ltr'><strong>cum</strong></span> <span class='ocrx_word' id='word_1_182' title='bbox 1121 3188 1174 3250; x_wconf 78' lang='lat' dir='ltr'><strong>in&#39;-</strong></span> 
     </span>
     <span class='ocr_line' id='line_1_28' title="bbox 225 3287 1174 3369; baseline -0.003 -18"><span class='ocrx_word' id='word_1_183' title='bbox 225 3289 414 3354; x_wconf 90' lang='lat' dir='ltr'><strong>demnitate</strong></span> <span class='ocrx_word' id='word_1_184' title='bbox 436 3289 677 3365; x_wconf 89' lang='lat' dir='ltr'><strong>membrorum,</strong></span> <span class='ocrx_word' id='word_1_185' title='bbox 700 3288 742 3365; x_wconf 89' lang='lat' dir='ltr'><strong>si,</strong></span> <span class='ocrx_word' id='word_1_186' title='bbox 764 3294 845 3369; x_wconf 90' lang='lat' dir='ltr'><strong>post</strong></span> <span class='ocrx_word' id='word_1_187' title='bbox 864 3287 1072 3351; x_wconf 90' lang='lat' dir='ltr'><strong>deditionem</strong></span> <span class='ocrx_word' id='word_1_188' title='bbox 1090 3287 1174 3350; x_wconf 84' lang='lat' dir='ltr'><strong>civi.-</strong></span> 
     </span>
     <span class='ocr_line' id='line_1_29' title="bbox 227 3386 1176 3471; baseline -0.001 -19"><span class='ocrx_word' id='word_1_189' title='bbox 227 3391 310 3453; x_wconf 91' lang='lat' dir='ltr'><strong>tatis</strong></span> <span class='ocrx_word' id='word_1_190' title='bbox 325 3398 360 3454; x_wconf 91' lang='lat' dir='ltr'><strong>et</strong></span> <span class='ocrx_word' id='word_1_191' title='bbox 374 3389 549 3454; x_wconf 86' lang='lat' dir='ltr'><strong>dationem</strong></span> <span class='ocrx_word' id='word_1_192' title='bbox 560 3389 725 3465; x_wconf 90' lang='lat' dir='ltr'><strong>omnium,</strong></span> <span class='ocrx_word' id='word_1_193' title='bbox 737 3407 815 3471; x_wconf 85' lang='lat' dir='ltr'><strong>quae</strong></span> <span class='ocrx_word' id='word_1_194' title='bbox 830 3387 1065 3470; x_wconf 87' lang='lat' dir='ltr'><strong>possidebant,</strong></span> <span class='ocrx_word' id='word_1_195' title='bbox 1079 3386 1176 3451; x_wconf 85' lang='lat' dir='ltr'><strong>Crux</strong></span> 
     </span>
     <span class='ocr_line' id='line_1_30' title="bbox 227 3489 633 3558; baseline 0 -5"><span class='ocrx_word' id='word_1_196' title='bbox 227 3489 633 3558; x_wconf 76' lang='lat' dir='ltr'><strong>Dominicaredderetur.</strong></span> 
     </span>
     <span class='ocr_line' id='line_1_31' title="bbox 182 3587 1339 3675; baseline 0.001 -24"><span class='ocrx_word' id='word_1_197' title='bbox 182 3606 215 3651; x_wconf 79' lang='lat' dir='ltr'><strong>ao</strong></span> <span class='ocrx_word' id='word_1_198' title='bbox 279 3591 366 3675; x_wconf 75' lang='lat' dir='ltr'><strong>§oa</strong></span> <span class='ocrx_word' id='word_1_199' title='bbox 389 3590 501 3655; x_wconf 84' lang='lat' dir='ltr'><strong>Emnt</strong></span> <span class='ocrx_word' id='word_1_200' title='bbox 522 3609 643 3654; x_wconf 90' lang='lat' dir='ltr'><strong>omnes</strong></span> <span class='ocrx_word' id='word_1_201' title='bbox 663 3590 702 3653; x_wconf 94' lang='lat' dir='ltr'><strong>in</strong></span> <span class='ocrx_word' id='word_1_202' title='bbox 715 3587 896 3654; x_wconf 88' lang='lat' dir='ltr'><strong>Accarone</strong></span> <span class='ocrx_word' id='word_1_203' title='bbox 919 3589 1066 3672; x_wconf 88' lang='lat' dir='ltr'><strong>gentiles</strong></span> <span class='ocrx_word' id='word_1_204' title='bbox 1088 3607 1176 3671; x_wconf 89' lang='lat' dir='ltr'><strong>pug·</strong></span> <span class='ocrx_word' id='word_1_205' title='bbox 1190 3599 1339 3642; x_wconf 70' lang='lat' dir='ltr'><strong>Aerestaken·</strong></span> 
     </span>
     <span class='ocr_line' id='line_1_32' title="bbox 226 3689 1176 3769; baseline -0.003 -15"><span class='ocrx_word' id='word_1_206' title='bbox 226 3698 367 3756; x_wconf 89' lang='lat' dir='ltr'><strong>natores</strong></span> <span class='ocrx_word' id='word_1_207' title='bbox 380 3691 570 3769; x_wconf 88' lang='lat' dir='ltr'><strong>lectissimi,</strong></span> <span class='ocrx_word' id='word_1_208' title='bbox 587 3698 622 3754; x_wconf 86' lang='lat' dir='ltr'><strong>et</strong></span> <span class='ocrx_word' id='word_1_209' title='bbox 636 3699 736 3755; x_wconf 87' lang='lat' dir='ltr'><strong>erant</strong></span> <span class='ocrx_word' id='word_1_210' title='bbox 754 3711 896 3756; x_wconf 85' lang='lat' dir='ltr'><strong>numero</strong></span> <span class='ocrx_word' id='word_1_211' title='bbox 912 3711 1036 3754; x_wconf 84' lang='lat' dir='ltr'><strong>novem</strong></span> <span class='ocrx_word' id='word_1_212' title='bbox 1058 3689 1176 3753; x_wconf 93' lang='lat' dir='ltr'><strong>millia.</strong></span> 
     </span>
     <span class='ocr_line' id='line_1_33' title="bbox 230 3788 1178 3875; baseline -0.005 -19"><span class='ocrx_word' id='word_1_213' title='bbox 230 3790 386 3869; x_wconf 85' lang='lat' dir='ltr'><strong>Quorum</strong></span> <span class='ocrx_word' id='word_1_214' title='bbox 400 3793 539 3874; x_wconf 90' lang='lat' dir='ltr'><strong>plurimi</strong></span> <span class='ocrx_word' id='word_1_215' title='bbox 552 3791 717 3875; x_wconf 91' lang='lat' dir='ltr'><strong>plurimos</strong></span> <span class='ocrx_word' id='word_1_216' title='bbox 740 3809 863 3856; x_wconf 91' lang='lat' dir='ltr'><strong>aureos</strong></span> <span class='ocrx_word' id='word_1_217' title='bbox 885 3790 1115 3872; x_wconf 81' lang='lat' dir='ltr'><strong>deglutientes</strong></span> <span class='ocrx_word' id='word_1_218' title='bbox 1136 3788 1178 3852; x_wconf 93' lang='lat' dir='ltr'><strong>de</strong></span> 
     </span>
     <span class='ocr_line' id='line_1_34' title="bbox 229 3889 1179 3973; baseline -0.005 -17"><span class='ocrx_word' id='word_1_219' title='bbox 229 3889 354 3957; x_wconf 80' lang='lat' dir='ltr'><strong>ventre</strong></span> <span class='ocrx_word' id='word_1_220' title='bbox 381 3892 555 3956; x_wconf 82' lang='lat' dir='ltr'><strong>iaciebant</strong></span> <span class='ocrx_word' id='word_1_221' title='bbox 584 3891 808 3973; x_wconf 89' lang='lat' dir='ltr'><strong>marsupium,</strong></span> <span class='ocrx_word' id='word_1_222' title='bbox 844 3890 926 3972; x_wconf 90' lang='lat' dir='ltr'><strong>quia</strong></span> <span class='ocrx_word' id='word_1_223' title='bbox 955 3889 1179 3971; x_wconf 88' lang='lat' dir='ltr'><strong>praescierant</strong></span> 
     </span>
     <span class='ocr_line' id='line_1_35' title="bbox 226 3989 1180 4076; baseline -0.002 -20"><span class='ocrx_word' id='word_1_224' title='bbox 226 3993 321 4076; x_wconf 86' lang='lat' dir='ltr'><strong>quod</strong></span> <span class='ocrx_word' id='word_1_225' title='bbox 349 3992 512 4076; x_wconf 90' lang='lat' dir='ltr'><strong>quicquid</strong></span> <span class='ocrx_word' id='word_1_226' title='bbox 540 3992 632 4074; x_wconf 88' lang='lat' dir='ltr'><strong>apud</strong></span> <span class='ocrx_word' id='word_1_227' title='bbox 658 3991 845 4074; x_wconf 91' lang='lat' dir='ltr'><strong>quemlibet</strong></span> <span class='ocrx_word' id='word_1_228' title='bbox 867 3989 1051 4074; x_wconf 89' lang='lat' dir='ltr'><strong>cujuslibet</strong></span> <span class='ocrx_word' id='word_1_229' title='bbox 1078 3989 1180 4070; x_wconf 87' lang='lat' dir='ltr'><strong>pretii</strong></span> 
     </span>
     <span class='ocr_line' id='line_1_36' title="bbox 184 4091 1182 4170; baseline -0.005 -14"><span class='ocrx_word' id='word_1_230' title='bbox 184 4104 215 4149; x_wconf 72' lang='lat'><strong>³⁵</strong></span> <span class='ocrx_word' id='word_1_231' title='bbox 229 4092 319 4158; x_wconf 83' lang='lat' dir='ltr'><strong>foret</strong></span> <span class='ocrx_word' id='word_1_232' title='bbox 328 4093 395 4157; x_wconf 92' lang='lat' dir='ltr'><strong>sibi</strong></span> <span class='ocrx_word' id='word_1_233' title='bbox 404 4093 583 4170; x_wconf 89' lang='lat' dir='ltr'><strong>offensum,</strong></span> <span class='ocrx_word' id='word_1_234' title='bbox 597 4092 662 4156; x_wconf 89' lang='lat' dir='ltr'><strong>sibi</strong></span> <span class='ocrx_word' id='word_1_235' title='bbox 677 4091 709 4154; x_wconf 93' lang='lat' dir='ltr'><strong>si</strong></span> <span class='ocrx_word' id='word_1_236' title='bbox 721 4091 927 4154; x_wconf 90' lang='lat' dir='ltr'><strong>reniteretur</strong></span> <span class='ocrx_word' id='word_1_237' title='bbox 933 4091 972 4152; x_wconf 91' lang='lat' dir='ltr'><strong>in</strong></span> <span class='ocrx_word' id='word_1_238' title='bbox 984 4107 1131 4167; x_wconf 84' lang='lat' dir='ltr'><strong>crucem,</strong></span> <span class='ocrx_word' id='word_1_239' title='bbox 1146 4095 1182 4152; x_wconf 88' lang='lat' dir='ltr'><strong>et</strong></span> 
     </span>
    </p>
   </div>
   <div class='ocr_carea' id='block_1_3' title="bbox 247 4305 1118 4473">
    <p class='ocr_par' dir='ltr' id='par_1_3' title="bbox 247 4305 1118 4473">
     <span class='ocr_line' id='line_1_37' title="bbox 247 4305 1118 4380; baseline -0.008 -17"><span class='ocrx_word' id='word_1_240' title='bbox 247 4310 266 4342; x_wconf 92' lang='lat'><strong>¹¹</strong></span> <span class='ocrx_word' id='word_1_241' title='bbox 279 4313 482 4376; x_wconf 65' lang='lat' dir='ltr'><strong>Secorobaotar]</strong></span> <span class='ocrx_word' id='word_1_242' title='bbox 492 4313 684 4374; x_wconf 81' lang='lat' dir='ltr'><strong>scrutabantur,</strong></span> <span class='ocrx_word' id='word_1_243' title='bbox 696 4311 729 4362; x_wconf 91' lang='lat' dir='ltr'><strong>P.</strong></span> <span class='ocrx_word' id='word_1_244' title='bbox 745 4307 750 4380; x_wconf 89' lang='grc' dir='ltr'>Ι</span> <span class='ocrx_word' id='word_1_245' title='bbox 801 4305 821 4344; x_wconf 83' lang='lat'><strong>¹⁷</strong></span> <span class='ocrx_word' id='word_1_246' title='bbox 833 4308 925 4372; x_wconf 74' lang='lat' dir='ltr'><strong>Fecit]</strong></span> <span class='ocrx_word' id='word_1_247' title='bbox 944 4307 1072 4370; x_wconf 76' lang='lat' dir='ltr'><strong>Faciebat,</strong></span> <span class='ocrx_word' id='word_1_248' title='bbox 1085 4307 1118 4356; x_wconf 88' lang='lat' dir='ltr'><strong>P.</strong></span> 
     </span>
     <span class='ocr_line' id='line_1_38' title="bbox 976 4407 1033 4473; baseline -0.053 0"><span class='ocrx_word' id='word_1_249' title='bbox 976 4424 997 4473; x_wconf 84' lang='lat' dir='ltr'><strong>n</strong></span> <span class='ocrx_word' id='word_1_250' title='bbox 1011 4407 1033 4470; x_wconf 78' lang='lat'>2</span> 
     </span>
    </p>
   </div>
   <div class='ocr_carea' id='block_1_4' title="bbox 0 0 1609 5036">
    <p class='ocr_par' dir='ltr' id='par_1_4' title="bbox 0 0 1609 5036">
     <span class='ocr_line' id='line_1_39' title="bbox 0 0 1609 5036; baseline 0 0"><span class='ocrx_word' id='word_1_251' title='bbox 0 0 1609 5036; x_wconf 95' lang='lat' dir='ltr'><strong> </strong></span> 
     </span>
    </p>
   </div>
  </div>
 </body>
</html>
