3208 5036
387 507 410 570 6
647 523 833 571 melenus
857 522 1071 571 mmsmnsrs

227 683 472 746 A.D.11eo.riem
496 702 566 765 qua
587 682 807 765 premebatur
826 680 1007 763 imparata,
1023 676 1175 760 periculo
1197 678 1263 754 sni,
1277 697 1339 760 per

388 790 505 866 partes
520 782 688 846 violenter
702 801 870 858 evomere,
880 780 1041 861 cavitque
1055 778 1254 854 visceribus
1269 778 1338 841 dis·

390 883 556 946 simulans
566 882 702 946 interim
716 882 869 944 modeste
880 880 1084 955 molestiam,
1093 879 1202 941 donec
1213 898 1336 960 oppor-

390 990 475 1047 tuno
504 982 662 1046 medendi
690 990 843 1064 tempore
869 987 979 1044 totam
1005 980 1108 1042 liceat
1137 978 1202 1040 sibi
1230 979 1340 1042 morbi

389 1083 569 1147 materiam
584 1083 686 1146 simul
700 1088 736 1145 et
750 1081 856 1145 semel
871 1100 1020 1162 egerere.
1370 1097 1384 1140 ⁵
1399 1157 1402 1162 .

442 1184 459 1267 ᾗ
473 1184 505 1246 4.
530 1183 613 1246 Non
631 1183 705 1245 sine
720 1181 959 1245 mussitatione
981 1179 1166 1243 multorum
1182 1185 1217 1241 et
1231 1178 1339 1241 admi—

391 1284 525 1347 ratione
539 1284 634 1347 visns
660 1290 713 1346 est
726 1281 923 1364 vespertilio
946 1281 1001 1344 die
1025 1279 1136 1342 medio
1161 1285 1196 1341 et
1218 1298 1339 1343 sereno

389 1403 452 1465 per
477 1382 728 1446 Monasterium
756 1381 921 1459 volitare3
955 1379 1092 1443 easdem
1110 1379 1340 1460 inopportune

391 1501 495 1545 auras
510 1489 546 1546 et
559 1483 708 1544 maxime
723 1481 815 1544 circa
828 1481 952 1543 solium
967 1480 1057 1562 regis
1072 1479 1252 1542 circinans

443 1583 507 1666 §5.
531 1581 727 1646 Willelmus
752 1581 794 1644 de
813 1581 935 1663 Longo
952 1578 1095 1660 Campo,
1119 1580 1179 1661 qui
1201 1587 1236 1643 et
1259 1585 1340 1641 ante
1354 1596 1385 1641 ro

392 1701 555 1746 coronam
578 1681 711 1745 comitis
728 1680 950 1745 Pictavorum
970 1680 1083 1744 fuerat
1103 1678 1339 1755 cancellarius,

391 1783 516 1846 eomite
527 1783 565 1844 in
579 1801 693 1864 regem
714 1789 890 1858 coronato,
906 1788 1037 1863 quanto
1059 1798 1203 1859 regnum
1226 1779 1340 1861 potius

392 1889 445 1945 est
473 1883 650 1959 comitatu,
676 1888 775 1945 tanto
798 1882 906 1944 sensit
928 1879 1154 1944 ministerium
1183 1898 1283 1943 suum
1305 1879 1341 1941 in

391 1981 513 2046 melius
527 1981 724 2065 profecisse.

444 2083 461 2166 ᾗ
476 2083 510 2146 6.
534 2083 607 2147 Res
622 2083 746 2146 accidit
760 2082 836 2164 ipsa
851 2081 906 2144 die
920 2079 1153 2145 coronationis
1172 2079 1210 2142 in
1224 2078 1386 2143 west-15

393 2183 624 2261 monasteri03
661 2201 728 2259 res,
758 2189 798 2245 ut
826 2190 909 2246 tunc
938 2180 1000 2243 vix
1025 2200 1084 2244 ore
1110 2179 1249 2246 dimidio
1275 2179 1342 2242 dici

392 2283 501 2360 licuit,
518 2283 715 2348 nonnullius
736 2283 887 2365 portenti
901 2281 1111 2363 praenuncia.
1164 2277 1221 2343 Ad
1238 2278 1341 2344 Com·

394 2382 589 2464 pletorium,
613 2383 835 2447 novissimam
859 2383 979 2446 horam
1001 2379 1080 2457 diei,
1102 2381 1249 2462 primum
1271 2380 1341 2461 sig-

394 2503 477 2546 num
498 2483 535 2546 in
558 2485 635 2566 ipsa
658 2484 712 2546 die
735 2483 868 2564 'pulsari
892 2481 1050 2562 contigit,
1074 2499 1136 2544 nec
1159 2480 1275 2563 aliquo
1297 2499 1342 2544 ex

394 2590 580 2660 conventu,
605 2603 667 2646 nec
689 2584 773 2664 ipsis
796 2583 961 2647 ministris
984 2582 1149 2657 ecclesiae,
1173 2581 1239 2643 nisi
1263 2587 1387 2663 posteo

394 2701 534 2761 caesum,
556 2683 591 2746 id
613 2683 893 2761 advertentibus3
932 2701 1009 2746 cum
1038 2680 1177 2758 Primae,
1201 2680 1341 2758 Tertiae,

392 2781 523 2860 Sextee,
541 2783 667 2860 Nonae,
683 2783 917 2866 Vesperarum
935 2789 971 2845 et
990 2782 1134 2844 duarum
1156 2780 1342 2844 Missarum

393 2883 547 2948 sollenne
564 2884 752 2960 servitium,
764 2884 838 2947 sine
853 2883 946 2947 omni
961 2883 1138 2963 signorum
1147 2882 1343 2964 pulsatione

392 2981 497 3047 fuerit
510 2985 730 3048 celebratum.
1239 2999 1244 3010 '

231 3090 382 3191 gffinggessggffd
445 3082 510 3165 §2
534 3083 731 3167 Stephanus
756 3084 798 3147 de
823 3081 969 3158 Marzai,
992 3081 1202 3145 senescallus
1225 3078 1343 3143 Ande·
1354 3091 1387 3136 ao

232 3192 354 3240 delimo
393 3182 506 3262 gaviae
534 3185 597 3247 sub
622 3204 704 3266 rege
730 3204 840 3267 nuper
862 3180 1035 3258 defuncto,
1057 3183 1116 3245 ille
1138 3199 1286 3263 magnus
1309 3188 1344 3244 et

393 3290 528 3364 potens,
543 3283 765 3364 singulariter
783 3283 875 3346 ferus
898 3290 933 3346 et
954 3282 1112 3346 dominus
1127 3281 1256 3345 domini
1278 3281 1343 3356 sui,

393 3388 516 3464 captus
539 3392 575 3448 et
596 3385 773 3469 conjectus
786 3385 823 3447 in
837 3381 987 3458 vincula,
1002 3383 1217 3446 Wintoniam
1234 3399 1344 3461 usque

393 3483 615 3565 pertrahitur,
631 3485 691 3547 ubi
704 3484 940 3567 spectaculum
955 3481 1068 3547 factus
1083 3481 1216 3563 angelis
1232 3489 1267 3545 et
1281 3480 1343 3544 ho-

393 3583 554 3661 minibus,
583 3585 769 3648 miserabili
797 3590 992 3646 maceratus
1020 3582 1146 3659 inedia,
1178 3581 1258 3645 ferri
1290 3581 1343 3643 in·
1357 3599 1388 3644 ao

393 3683 524 3748 fractus
543 3684 706 3766 pondere,
722 3685 765 3747 ad
790 3684 935 3764 triginta
956 3682 1064 3745 millia
1083 3683 1248 3745 librarum
1270 3701 1343 3744 mo·

393 3790 484 3849 netee
499 3782 763 3864 Andegavensis
779 3783 985 3847 solutionem
1003 3791 1038 3847 et
1052 3782 1246 3866 quindecim
1267 3781 1344 3843 mil-

393 3882 441 3946 lia
458 3884 623 3947 librarum
642 3885 915 3966 promissionem,
932 3903 995 3964 pro
1015 3884 1225 3947 redemtione
1244 3900 1343 3945 coac-

428 4159 439 4192 ³
455 4163 585 4226 Modesto]
598 4163 646 4212 Vel
653 4164 767 4227 physice,
773 4166 857 4216 added
917 4164 937 4196 ²⁵
955 4168 1092 4230 Stephanus
1102 4169 1131 4216 de
1142 4167 1261 4229 Manat]
1277 4165 1345 4215 Call-

391 4246 421 4280 es
432 4247 448 4280 a
459 4233 526 4294 gloss
537 4234 564 4282 in
574 4233 616 4282 the
628 4234 779 4298 Cambridge
788 4237 844 4286 MS.
881 4239 913 4286 ed
925 4238 1034 4299 Stephon
1051 4239 1083 4286 de
1093 4238 1201 4286 Turonis
1213 4237 1247 4298 by
1259 4237 1344 4285 Hore-

428 4299 448 4333 ¹³
464 4303 569 4367 Sensit]
585 4305 690 4370 Sumsit,
705 4307 733 4355 C.
880 4308 929 4358 den
940 4309 991 4357 and
1002 4308 1155 4358 Benedictus
1166 4307 1262 4356 Abbas.
