3208 5036
409 457 453 522 32
674 475 860 524 arcturus
884 471 1101 522 DIVISIENSIS

244 644 393 697 nonar.
407 633 559 699 oblatam
579 633 662 698 mihi
682 653 808 700 novam
824 634 1004 697 scientiam
1019 633 1107 698 scire
1122 651 1192 694 non
1208 631 1355 695 refutas-

407 735 502 800 sem.’
553 734 695 818 Majora
714 734 854 798 volebat
874 734 929 798 vel
952 753 1034 797 vera
1054 733 1109 797 vel
1129 732 1218 795 falsa
1231 733 1355 810 dicere,

406 834 466 898 sed
482 835 526 899 ad
543 836 770 899 reverentiam
785 835 965 917 praesentis
988 832 1236 916 archiepiscopi
1260 853 1354 896 men·

406 943 475 998 tem
508 935 710 1017 recolligens
740 942 775 999 et
803 935 1029 1017 comprimens
1058 933 1264 1010 vecordiam,
1296 933 1355 996 ‘Si

406 1036 495 1099 male
524 1036 659 1101 locutus
686 1035 785 1112 sum,'
814 1036 876 1113 ait,
906 1034 1192 1117 ‘archiepiscope
1218 1034 1353 1097 veniam
1382 1059 1397 1102 5

406 1136 510 1218 peto.'
562 1135 650 1202 Post
665 1136 789 1200 frivola
804 1137 901 1199 seriis
915 1135 1152 1211 intendebant,
1168 1134 1352 1198 ratiocina-

406 1243 480 1300 tum
503 1239 556 1300 est
581 1238 672 1300 circa
691 1236 856 1301 mandata
880 1234 1096 1313 Cancellarii,
1112 1242 1148 1298 et
1170 1242 1352 1316 utrumque

405 1337 585 1401 consilium
606 1337 853 1419 archiepiscopi
878 1336 922 1401 ad
946 1336 1014 1399 diei
1036 1336 1184 1398 melium
1208 1353 1351 1398 consen-

404 1437 490 1501 titur
507 1438 543 1500 in
564 1437 838 1518 colloquendum.
891 1437 976 1500 Dies
1000 1436 1118 1518 figitur
1142 1435 1262 1519 quinto
1288 1433 1350 1498 ka-

403 1536 522 1602 lendas
532 1535 685 1619 Augusti
697 1537 756 1620 [28
767 1537 790 1600 J
792 1537 857 1618 ul]
870 1557 878 1616 ;
895 1537 1004 1615 locus,
1014 1545 1114 1600 extra
1123 1535 1348 1600 Wintoniam.
1364 1556 1395 1600 ro

405 1634 640 1701 cancellarius
655 1639 824 1702 concessit
839 1645 931 1701 stare
948 1637 1039 1720 quod
1053 1635 1288 1719 providerant,
1303 1644 1348 1712 et,

403 1737 546 1802 dimissa
561 1738 749 1815 obsidione,
765 1757 923 1804 reversus
940 1746 994 1802 est
1010 1737 1219 1801 Londonias.

241 1859 378 1912 Preparatory
454 1837 547 1921 541.
573 1838 696 1902 Comes
720 1859 802 1903 vero
827 1857 949 1903 verens
976 1837 1051 1922 ejus
1074 1837 1245 1902 versutias
1266 1854 1347 1899 con-

239 1921 337 2008 didi?
402 1937 504 2002 duxit
525 1939 576 2003 illi
603 1946 752 2020 quatuor
765 1938 873 2001 millia
886 1938 1126 2022 Wallensium,
1143 1944 1194 2014 ut,
1208 1937 1238 1999 si
1256 1934 1347 1999 Can-

402 2038 560 2103 cellarius
583 2039 674 2103 inter
700 2039 855 2103 inducias
883 2039 981 2102 illum
1004 2057 1126 2121 capere
1154 2043 1347 2114 conaretur,
1362 2055 1392 2100 15

400 2138 460 2203 isti
473 2141 511 2202 in
523 2139 665 2204 latebris
688 2140 792 2203 locati
816 2159 861 2202 ex
884 2139 993 2203 latere
1014 2137 1176 2220 colloquii
1202 2143 1347 2200 conatus

401 2238 476 2323 ejus
501 2240 729 2322 infringerent
750 2260 795 2303 ex
819 2246 972 2321 arrupte.
1040 2238 1229 2314 Praeterea,
1255 2256 1346 2299 sum·

400 2342 531 2404 moneri
552 2341 702 2404 instituit
726 2347 760 2404 et
786 2338 967 2422 rogarint
990 2339 1145 2421 quisquis
1172 2337 1346 2401 hominum

400 2459 540 2504 suorum
555 2449 591 2505 et
605 2442 750 2505 aliorum
771 2459 809 2503 se
829 2440 1018 2504 amantium
1032 2439 1239 2503 conveniens
1255 2445 1347 2500 esset

400 2540 443 2603 ad
459 2541 551 2603 bella
566 2542 761 2622 procedere,
785 2559 901 2603 secum
927 2540 1061 2603 veniret
1083 2539 1159 2603 loco
1180 2546 1215 2602 et
1234 2538 1288 2601 die
1302 2538 1346 2601 ad
1358 2559 1391 2604 no

398 2648 608 2723 susceptum,
620 2641 680 2704 sed
695 2648 903 2723 suspectum,
915 2641 981 2703 sibi
995 2658 1072 2702 curn
1087 2639 1225 2703 domino
1240 2638 1346 2701 totius

399 2747 501 2805 terrae
516 2740 736 2823 colloquium,
745 2749 784 2803 ut
799 2740 923 2804 saltem
936 2741 1036 2804 vivus
1046 2739 1219 2814 evaderet,
1229 2738 1259 2801 si
1268 2738 1346 2820 plus

400 2861 503 2924 quam
523 2861 586 2904 rex
607 2842 666 2905 ille
688 2848 723 2905 et
746 2841 858 2903 minus
881 2841 919 2903 in
943 2840 1051 2904 oculis
1071 2841 1142 2902 suis
1157 2846 1278 2902 contra
1286 2839 1346 2922 jus

399 2941 464 3005 sori
479 2941 618 3020 faceret,
634 2942 744 3005 autin
758 2941 1027 3005 transactionem
1042 2960 1112 3004 non
1126 2939 1345 3003 consentiret.

400 3039 451 3105 At
478 3049 599 3106 contra
630 3040 865 3106 cancellarius
898 3041 1037 3104 tertium
1074 3059 1151 3104 cum
1189 3039 1389 3103 omnibusne

399 3142 502 3204 armis
519 3143 625 3206 totius
640 3141 779 3223 Angliae
804 3141 947 3204 militem
974 3140 1030 3204 die
1050 3140 1228 3203 nominato
1249 3158 1346 3202 man-

398 3242 496 3307 davit
523 3243 640 3307 venire
668 3242 909 3321 Wintoniam;
947 3241 989 3304 de
1026 3240 1214 3304 redditibus
1241 3239 1346 3302 etiam

397 3343 490 3424 regis
503 3343 670 3407 conduxit
693 3350 729 3406 et
749 3343 823 3424 ipse
839 3341 1047 3417 Wallenses,
1063 3347 1103 3404 ut
1122 3340 1153 3403 si
1168 3339 1346 3402 decertan-

393 3443 480 3505 dum
494 3442 583 3507 foret
597 3462 675 3506 cum
684 3443 819 3520 comite,
834 3442 976 3505 haberet
991 3459 1092 3522 pares
1106 3441 1210 3518 acies,
1227 3446 1263 3504 et
1276 3439 1347 3521 pila

399 3543 566 3606 minantia
578 3543 668 3624 pilis
1112 3586 1114 3591 -
1360 3558 1391 3604 eo

236 3655 385 3707 Themeetinr·
452 3643 537 3726 542.
554 3641 772 3707 conventum
786 3649 839 3705 est
855 3642 899 3705 ad
916 3640 1136 3723 colloquium,
1152 3637 1242 3704 sicut
1264 3657 1346 3702 con-

399 3742 528 3807 dictum
537 3751 590 3807 est
598 3747 633 3807 et
641 3742 952 3825 praedictum,quod
960 3742 997 3804 in
1005 3742 1126 3805 melius
1135 3760 1239 3822 quam
1247 3740 1346 3803 time-

399 3844 502 3908 batur
519 3844 664 3926 contigit
684 3843 870 3907 terminari.
921 3840 1114 3906 conventio
1130 3841 1237 3922 igitur
1254 3839 1347 3904 facta

398 3945 489 4007 inter
504 3945 662 4007 comitem
682 3952 717 4007 et
733 3941 986 4007 cancellarium
1001 3949 1076 4005 erat
1090 3940 1297 4024 hujusmodi,
1312 3948 1347 4004 et

399 4043 464 4107 hoc
486 4043 588 4107 modo
610 4044 760 4126 provisa.
814 4042 900 4106 Tres
924 4043 960 4105 in
984 4043 1101 4124 primis
1127 4041 1390 4105 nominanturas

641 4265 662 4299 Ὦ
675 4269 844 4333 Οοῑὼᾳιιίιινη.]
865 4269 1006 4330 Colloquio,
1018 4267 1099 4316 MSS.
