3208 5036
400 447 444 513 48
674 462 859 509 alcinous
883 460 1099 508 nivrsrnnsrs

235 621 565 687 A.n.1191.dumtria
587 621 696 685 millia
718 640 857 685 suorum
879 620 1030 684 habebat
1051 620 1088 683 in
1110 620 1218 684 latere
1234 640 1349 684 secum

400 724 676 808 percutientium
730 723 901 806 Dejicitur
928 722 964 784 in
992 729 1164 786 momento
1187 723 1350 806 quicquid

399 827 572 908 lignorum
587 824 784 906 oppositum
797 823 912 887 fuerat
925 824 961 885 in
978 830 1092 904 portu,
1109 830 1144 886 et
1158 823 1350 887 ascendunt

399 927 464 992 viri
478 926 584 990 fortes
598 925 635 988 in
650 927 770 988 urbem
784 944 853 988 non
869 925 1021 987 mitiores
1033 943 1136 1006 quam
1151 924 1265 988 solent
1275 944 1350 988 esse

399 1028 531 1104 leaenae,
567 1027 676 1107 raptis
706 1025 858 1090 soetibus.
911 1024 1095 1106 Pugnatur
1123 1031 1245 1089 contra
1272 1026 1349 1089 illos
1378 1044 1394 1086 5

400 1128 556 1204 viriliter,
580 1134 616 1190 et
630 1127 827 1190 ceciderunt
841 1126 1013 1192 vulnerati
1030 1145 1075 1188 ex
1089 1124 1142 1188 his
1156 1131 1192 1189 et
1206 1146 1251 1188 ex
1265 1127 1346 1202 illis,

401 1236 436 1292 θῖ
455 1229 713 1293 inebriabantur
736 1227 842 1310 gladii
863 1231 1086 1309 utrorumque
1109 1227 1144 1289 in
1169 1228 1349 1308 sanguine.

400 1329 600 1394 Vincuntur
616 1327 747 1412 Cyprii,
762 1335 865 1410 capta
879 1335 933 1391 est
946 1329 1040 1404 urbs,
1052 1333 1088 1391 et
1102 1346 1180 1390 cum
1194 1327 1350 1404 castello,

401 1430 562 1513 diripitur
578 1428 740 1513 quicquid
758 1429 874 1511 placet
886 1429 1086 1506 victoribus,
1102 1429 1224 1510 etipse
1241 1429 1350 1492 domi-

402 1552 468 1595 nus
482 1531 604 1594 insulae
621 1537 743 1612 captus
758 1537 811 1593 est
822 1537 857 1593 et
868 1529 1037 1593 adductus
1051 1529 1094 1592 ad
1106 1549 1233 1611 regem.
1266 1528 1350 1593 Pre-
1365 1543 1396 1593 ro

240 1641 328 1732 mg„
341 1643 390 1682 rur
402 1640 502 1696 catur
516 1631 652 1697 veniam
667 1630 933 1712 comprehensus
949 1636 984 1694 et
999 1638 1160 1708 meretur,
1176 1630 1275 1694 offert
1289 1630 1352 1694 ho-

330 1720 335 1740 ’
403 1734 555 1815 magium
580 1731 654 1814 regi
677 1738 711 1795 et
737 1732 912 1813 recipitur,
936 1739 971 1794 et
993 1730 1091 1814 jurat
1114 1751 1184 1796 non
1209 1738 1351 1812 rogatus

403 1833 496 1917 quod
512 1833 635 1899 amodo
650 1831 692 1896 de
706 1833 778 1910 illo,
799 1833 889 1896 sicut
903 1832 946 1896 de
960 1831 1044 1913 ligio
1058 1832 1207 1909 dominn,
1224 1833 1353 1896 tenebit

403 1935 564 2012 insulam,
588 1941 623 1997 θῖ
649 1935 764 1997 omnia
787 1933 930 1997 castella
953 1939 1053 1996 terrae
1076 1934 1143 1998 sibi
1165 1932 1296 2015 aperiet
1318 1941 1353 1996 et

404 2042 567 2118 exponet,
594 2034 756 2098 damnum
782 2035 951 2110 restituet,
972 2041 1008 2097 et
1029 2033 1071 2096 de
1095 2035 1234 2117 proprio
1248 2033 1352 2114 largi·
1366 2050 1396 2104 rs

405 2144 492 2201 etur.
546 2136 718 2200 Dimissus
758 2144 839 2217 post
870 2135 1106 2218 juramentum
1139 2135 1282 2220 jubetur
1317 2135 1354 2198 in

404 2258 506 2302 mane
521 2243 624 2319 pacta
639 2236 821 2318 complere.
1349 2295 1351 2302 χ

252 2375 325 2404 reae
352 2391 357 2411 ‚
456 2337 542 2422 §GL
567 2337 681 2401 Nocte
703 2338 764 2401 illa
784 2356 846 2400 rex
869 2336 1002 2419 quievit
1023 2337 1059 2400 in
1082 2343 1217 2416 castro;
1242 2342 1277 2400 et
1294 2337 1352 2420 ju-

405 2446 502 2503 ratus
517 2439 592 2523 ejus
606 2438 742 2520 fugiens
765 2437 907 2501 secessit
928 2438 965 2500 in
987 2437 1081 2500 aliud
1104 2438 1296 2514 castellum,
1319 2445 1354 2500 et

405 2539 606 2610 summoniri
627 2538 709 2602 fecit
731 2559 866 2602 omnem
888 2536 1059 2600 hominem
1081 2546 1195 2616 terrae,
1212 2539 1270 2622 qui
1292 2558 1353 2620 po·
1366 2554 1399 2602 20

356 2659 363 2670 ·
406 2647 522 2704 terant
544 2659 641 2702 arma
662 2646 814 2721 portare,
829 2646 869 2702 ut
891 2640 1116 2704 convenirent
1139 2640 1183 2703 ad
1207 2660 1296 2716 eum,
1320 2647 1356 2702 θῖ

405 2742 456 2805 ita
480 2740 610 2804 factum
634 2747 698 2803 θεῖ.
751 2739 831 2803 Rex
854 2747 969 2803 autem
993 2739 1214 2804 Hierusalem
1236 2740 1354 2804 eadem

406 2849 508 2906 nocte
530 2841 698 2925 applicuit
718 2839 754 2902 in
771 2839 935 2923 Cyprum,
956 2848 996 2904 ut
1017 2849 1211 2906 occurreret
1231 2843 1305 2923 regi
1321 2849 1355 2908 et

407 2944 576 3007 salutaret
598 2963 688 3018 eum,
713 2941 812 3025 cujus
837 2941 1024 3005 adventum
1053 2943 1131 3025 plus
1156 2963 1259 3026 quam
1282 2963 1354 3006 om·

408 3045 503 3108 nium
526 3044 702 3108 hominum
724 3043 830 3106 totius
854 3043 972 3106 mnndi
994 3042 1259 3110 desideraverat.
1312 3043 1354 3106 In
1367 3063 1399 3112 25
1504 3085 1508 3094 ·

408 3145 558 3209 crastino
575 3145 741 3228 quaesitus
755 3152 809 3208 est
822 3144 881 3207 ille
895 3143 1052 3208 dominus
1068 3143 1200 3229 Cyprii,
1214 3152 1249 3209 θῖ
1263 3165 1355 3208 com-

408 3254 526 3329 pertus
541 3253 593 3310 est
608 3246 779 3327 effugisse.
817 3243 908 3322 Rern,
925 3244 1045 3309 videns
1061 3265 1098 3309 se
1114 3265 1189 3310 esse
1204 3246 1354 3322 illusum,

408 3355 444 3411 et
453 3347 511 3410 ubi
524 3355 616 3411 esset
628 3347 952 3428 edoctus,praecepit
962 3347 1035 3428 regi
1046 3346 1355 3411 Hierosolimorum

407 3448 506 3530 sequi
528 3447 696 3530 pertidum
710 3467 772 3528 per
785 3455 912 3511 terram
927 3467 1004 3510 cum
1018 3447 1130 3510 media
1144 3454 1243 3530 parte
1257 3468 1355 3512 exer·

408 3548 510 3624 citus,
520 3548 594 3629 ipse
607 3547 749 3611 alteram
763 3555 897 3627 partem
908 3548 1137 3612 circumduxit
1144 3569 1206 3631 per
1219 3568 1355 3631 aquam,
1369 3568 1400 3620 eo

409 3648 529 3712 volens
555 3667 630 3711 esse
651 3649 689 3710 in
711 3648 859 3724 obviam,
883 3668 925 3711 ne
951 3649 1143 3713 elaberetur
1167 3669 1228 3731 per
1250 3669 1354 3714 mare.

409 3747 656 3813 Convenerunt
678 3755 795 3830 partes
821 3749 913 3811 circa
937 3750 1101 3832 oppidum
1122 3750 1158 3813 in
1186 3751 1276 3833 quod
1301 3750 1355 3813 fu-.

411 3857 521 3932 gerat,
552 3856 587 3912 θῖ
615 3849 672 3912 ille
701 3855 822 3912 contra
855 3869 971 3931 regem
995 3870 1155 3932 egressus
1186 3852 1357 3924 commisit

410 3970 488 4014 cum
503 3947 641 4031 AngliS,
657 3956 693 4012 et
706 3956 898 4031 pugnatum
918 3958 971 4014 est
990 3952 1115 4015 acriter
1136 3953 1179 4016 ab
1201 3953 1357 4036 utrisque

410 4051 578 4134 partibus,
630 4049 727 4114 Victi
751 4050 898 4114 fuissent
921 4050 1029 4134 Angli
1051 4053 1087 4115 in
1114 4052 1175 4115 illa
1197 4053 1263 4131 die,
1290 4055 1357 4118 nisi
1370 4075 1400 4122 at

411 4153 474 4216 sub
490 4171 570 4233 rege
585 4149 737 4214 Ricardo
750 4160 975 4232 pugnassent.
1016 4152 1205 4218 Potluntur
1218 4154 1357 4218 tandem

411 4253 555 4318 victoria
569 4271 649 4316 caro
664 4259 826 4338 mercata,
837 4252 928 4342 fugit
937 4252 1086 4336 Cyprius
1101 4261 1135 4318 et
1150 4262 1290 4338 captum
1306 4263 1359 4319 est
