3208 5036
397 475 443 519 11
467 471 729 520 aususausus
754 471 906 520 aronam
932 472 1048 518 1111111.
1151 455 1194 517 15

245 625 359 706 potuit
372 624 527 688 invenire
541 624 741 706 periculum,
756 624 816 705 qui
835 622 920 685 nihil
938 623 1036 686 novit
1054 623 1195 706 perdere
1207 634 1358 686 111100.

245 731 387 806 propter
400 725 587 805 ignaviam.
653 723 800 789 Clavum
815 723 914 787 clavo
929 723 1067 805 repulit,
1087 724 1195 788 literis

246 825 332 888 alias
347 825 599 890 infirmantibus
615 845 637 888 a
652 845 732 907 rege
747 825 906 888 donatus.
960 822 1195 888 cancellarius

246 925 407 1007 pudenda
420 926 661 990 mandatorum
680 925 844 1008 principis
858 925 1103 989 contrarietate
1117 944 1195 1007 per-

219 1033 378 1107 aspecta,
393 1026 543 1090 nasama
558 1027 648 1108 regis
663 1026 756 1090 facto
774 1026 956 1090 laederetur
979 1026 1009 1088 si
1031 1026 1068 1088 iu
1091 1044 1196 1088 causa

247 1127 458 1207 procederet,
485 1128 656 1209 integram
689 1127 868 1208 utriusque
903 1126 1012 1208 partis
1040 1127 1077 1188 in
1103 1127 1195 1206 regis

249 1227 394 1290 reditum
409 1228 542 1291 distulit
556 1228 738 1291 actionem.

300 1327 390 1410 §la
420 1327 501 1390 Rex
532 1327 704 1391 Ricardus
741 1333 994 1391 sacramentum
1027 1325 1145 1406 exegit
1174 1345 1196 1388 a

249 1427 382 1491 duobus
404 1428 568 1492 fratribus
591 1429 675 1505 3113,
698 1427 722 1491 J
725 1427 859 1491 ohanne
880 1428 1016 1491 uterino
1040 1433 1076 1489 et
1097 1424 1194 1489 Gau-

203 1527 336 1592 rofrido
359 1549 429 1592 uon
452 1549 497 1592 ex
518 1529 684 1610 legitima,
699 1528 792 1610 quod
805 1526 971 1610 Angliam
994 1546 1063 1590 non
1086 1526 1194 1590 intra·-

250 1637 326 1692 rent
355 1629 446 1693 infra
468 1629 653 1694 triennium
676 1629 962 1711 peregrinationis
988 1647 1073 1704 suae,
1096 1646 1117 1690 a
1142 1627 1196 1690 die

249 1728 470 1814 profectionis
495 1749 516 1793 a
540 1728 690 1793 Turonis
718 1729 866 1793 triennio
894 1735 1113 1810 computat03
1147 1728 1198 1791 ita

252 1836 366 1892 tamen
379 1830 583 1913 dispensans
598 1830 717 1894 matris
731 1831 889 1912 precihus
902 1829 994 1892 circa
1001 1828 1025 1892 J
1027 1827 1198 1892 ohannem

252 1937 290 1993 ut
302 1930 338 1992 11
354 1928 519 2011 Angliam
542 1951 604 2012 per
619 1929 871 1994 Caucellarium
893 1929 1066 1993 transiens
1090 1936 1198 1991 staret

205 2043 237 2086 15
251 2029 325 2113 ejus
335 2030 479 2113 judicio,
495 2039 531 2094 et
545 2031 588 2094 ad
603 2031 767 2113 placitum
780 2031 872 2094 illius
888 2030 943 2093 vel
957 2035 1148 2092 moraretur
1161 2029 1199 2091 in

252 2150 358 2211 regno
372 2131 428 2195 vel
442 2132 610 2195 exularet.

282 2215 286 2224 ’
302 2231 485 2295 Dotarium
499 2232 628 2312 reginae
643 2230 788 2295 Alienor
800 2250 862 2313 per
876 2237 968 2294 totas
983 2237 1093 2294 terras
1107 2229 1199 2309 regis

252 2331 464 2412 recognitum
487 2340 541 2396 est
561 2331 788 2416 jurejurando
813 2338 848 2394 et
872 2331 938 2392 sibi
960 2329 1136 2406 traditum,
1159 2335 1199 2392 ut

251 2450 330 2513 quar
352 2433 447 2514 prius
475 2432 517 2496 de
545 2433 628 2496 fisco
653 2433 790 2495 vixerat
815 2431 975 2511 deinceps
997 2431 1130 2494 viveret
1157 2429 1199 2492 de

206 2533 400 2614 opproprio.

303 2631 433 2696 Classis
457 2633 547 2713 regis
570 2632 613 2695 de
637 2632 783 2714 propriis
805 2638 900 2695 mota
921 2631 1095 2696 littoribus
1116 2629 1201 2693 His-

253 2733 392 2814 paniam
418 2734 551 2810 circuit,
575 2740 611 2796 et
636 2733 677 2795 de
708 2751 838 2796 oceano
867 2751 928 2813 per
952 2738 1048 2795 arcta
1072 2729 1201 2794 Africae

255 2833 546 2897 Mediterraneum
583 2852 688 2908 mare,
727 2833 818 2914 quod
857 2832 1001 2896 ulterius
1040 2830 1202 2895 Graecum

254 2933 389 3010 dicitur,
403 2935 572 3016 ingressa,
588 2934 632 2996 ad
648 2933 852 3007 Massiliam,
863 2953 978 3014 regem
994 2932 1202 3013 1111110310-

208 3054 239 3099 25
253 3032 378 3111 latura,
392 3035 601 3117 perducitur.

305 3134 385 3198 Rex
409 3135 566 3198 Franciae
598 3142 632 3197 et
659 3153 722 3196 rex
745 3131 897 3214 Angliee,
919 3132 1038 3195 habito
1061 3131 1203 3196 consilio

254 3236 345 3315 apud
359 3234 509 3299 Turonis
534 3244 569 3300 et
592 3253 710 3297 rursus
729 3233 820 3314 apud
835 3232 1061 3309 viceliacum,
1081 3231 1204 3295 confir-

255 3343 349 3399 mato
376 3337 467 3400 inter
492 3356 567 3399 sese
594 3342 630 3398 et
655 3353 763 3416 regna
789 3352 853 3396 sua
882 3331 1023 3409 foedere,
1045 3333 1204 3396 omnibus

195 3433 197 3436 ’
254 3434 426 3500 hincinde
441 3438 542 3500 rebus
557 3435 732 3516 dispositis
752 3432 794 3496 ad
816 3434 950 3497 lihitum
970 3440 1006 3496 et
1025 3433 1204 3508 0111110113,

209 3553 241 3598 ao
254 3534 398 3600 diversis
435 3536 642 3600 exercitibus
682 3534 726 3597 ad
762 3534 908 3597 invicem
946 3533 1204 3616 digrediuntur;

289 3742 300 3774 ⁹
322 3745 433 3794 Johuaae
454 3745 570 3808 ateriae]
595 3745 718 3795 Giraldus
745 3743 864 3804 Geoffrey
894 3743 1055 3804 unwillingly
1086 3743 1207 3803 accepted

255 3819 333 3864 etates
354 3815 409 3863 that
425 3816 494 3866 John
516 3816 628 3876 actually
644 3815 717 3864 made
744 3815 963 3874 consecrationes
975 3812 1141 3874 itprevented
1155 3813 1207 3860 him

255 3885 314 3934 oath
326 3890 351 3934 10
362 3885 412 3935 this
424 3886 506 3947 effect,
513 3886 563 3934 and
569 3885 718 3934 afterwards
745 3885 808 3932 from
819 3885 938 3944 claiming
949 3883 991 3931 the
1002 3882 1089 3931 throne
1101 3881 1131 3930 of
1139 3883 1207 3944 Eng-

255 3956 360 4005 boaeted
371 3960 396 4004 to
406 3957 461 4006 that
467 3958 553 4005 writer
559 3957 614 4005 that
625 3957 656 4004 he
668 3957 719 4004 had
742 3954 812 4014 land,
822 3954 908 4002 which
924 3953 955 4001 he
972 3952 1091 4000 intended
1106 3957 1132 4000 to
1143 3952 1207 4000 have

255 4027 319 4075 been
336 4027 455 4076 absolved
472 4027 559 4088 hythe
571 4026 720 4076 Chaucellor
743 4026 817 4086 done,
835 4023 885 4072 had
902 4023 1013 4071 Richerd
1030 4027 1073 4070 101
1089 4023 1208 4070 returned

254 4097 319 4146 from
336 4097 375 4144 his
394 4099 511 4159 promise.
546 4097 587 4146 De
599 4097 686 4145 Rebus
704 4111 720 4144 a
743 4094 806 4142 from
820 4093 862 4142 the
875 4093 945 4154 Holy
957 4093 1043 4153 Land3
1060 4092 1089 4140 of
1101 4092 1152 4141 this
1164 4092 1209 4140 Ri-

256 4167 393 4230 seGestis,
403 4170 431 4218 ii.
443 4172 483 4217 23.
661 4175 664 4183 ·
744 4165 822 4214 chard
839 4178 893 4212 was
911 4178 1004 4213 aware.
1040 4163 1101 4212 Vita
1116 4162 1208 4214 Gaufr.

292 4235 302 4267 ⁹
324 4239 444 4300 Gaasn'do
466 4253 512 4286 ooo
534 4253 564 4286 01
586 4237 718 4300 legitima]
745 4236 864 4296 Archiep.
876 4235 952 4284 Ebor.
964 4235 981 4283 i.
994 4238 1018 4283 6.
