3208 5036
398 409 443 473 18
658 420 844 468 arcnnous
867 418 1083 467 orvrsrnnsm

239 593 389 644 tunso.
403 581 514 644 omnis
539 590 637 656 aetas,
663 578 812 662 populus
839 578 913 640 sine
942 595 1095 652 numero,
1123 574 1288 638 mirantes
1315 580 1350 636 et

403 681 632 764 praedicantes
657 684 788 762 quanto
816 697 878 742 rex
900 677 967 741 iste
989 675 1171 758 gloriosius
1194 681 1230 738 et
1250 673 1349 736 terri-

403 783 506 846 bilius
533 780 747 863 applicuerat
773 798 854 859 rege
883 776 1052 853 Franciae,
1079 775 1139 858 qui
1166 793 1244 838 eum
1273 792 1350 836 cum

404 882 513 964 copiis
527 881 600 946 suis
614 886 830 963 praevenerat
848 878 903 941 die
917 877 1074 960 septimo.
1127 875 1351 956 Metatusque

405 993 460 1049 est
483 1001 546 1046 rex
565 979 705 1063 Angliae
729 987 844 1044 castra
865 985 966 1044 extra
987 977 1173 1052 civitatem,
1189 975 1350 1057 quoniam
1380 981 1395 1024 ⁵

406 1102 470 1147 rex
498 1082 656 1146 Franciae
684 1087 842 1162 receptus
866 1077 941 1163 jam
967 1077 1081 1141 fuerat
1115 1076 1153 1138 in
1183 1075 1351 1158 palatium

245 1200 286 1239 111⁵
297 1198 395 1272 rrooefd·
406 1183 579 1246 Tancredi
592 1181 685 1263 regis
699 1180 824 1244 Siciliae
839 1180 932 1243 intra
946 1197 1073 1241 muros
1121 1175 1204 1258 Ipso
1220 1175 1275 1239 die
1290 1194 1352 1238 rex

244 1250 369 1300 mum
409 1282 579 1358 Franciae,
602 1281 742 1362 cognito
764 1279 892 1344 sodalis
915 1278 969 1342 sui
992 1285 1028 1342 et
1050 1277 1166 1341 fratris
1190 1275 1353 1351 adventu,

407 1383 504 1446 volat
517 1381 553 1445 in
568 1380 643 1465 ejus
656 1399 847 1456 occursum,
870 1397 934 1442 nec
947 1378 1061 1462 potuit
1071 1377 1162 1442 inter
1174 1375 1354 1458 amplexus

408 1488 443 1546 et
466 1481 585 1546 oscula
614 1478 832 1563 gesticulatio
859 1479 945 1542 satis
973 1478 1165 1560 exprimere
1188 1483 1355 1558 quantum
1368 1490 1398 1536 ro

408 1602 526 1646 eorum
547 1588 692 1663 uterque
714 1580 881 1662 gauderet
902 1598 948 1642 ex
965 1579 1085 1643 altero.
1139 1577 1356 1641 Refioiuntur

409 1682 581 1746 exercitus
604 1680 732 1746 mutuis
760 1679 983 1764 applausibus
1010 1686 1045 1742 et
1072 1677 1263 1760 colloquiis,
1286 1696 1356 1740 non

410 1783 511 1847 aliter
534 1801 639 1864 quam
668 1781 698 1845 si
726 1786 780 1845 tot
807 1779 956 1843 millibus
978 1779 1154 1846 hominum
1180 1785 1271 1842 esset
1298 1796 1357 1839 cor

410 1902 517 1946 unum
539 1889 575 1946 et
597 1881 713 1945 anima
727 1899 808 1944 una.
863 1878 907 1944 In
920 1879 1050 1943 deliciis
1063 1879 1190 1942 talibus
1209 1897 1356 1959 exspen-

410 1982 504 2046 ditur
517 1981 589 2045 dies
604 1979 746 2046 feriatus
759 1981 796 2044 in
811 1998 1004 2064 vesperum,
1014 1979 1195 2060 stragibus
1206 1978 1356 2054 lassatis,
1370 1987 1399 2032 1⁵

411 2102 481 2146 non
514 2082 595 2145 dum
628 2081 775 2157 satiatis,
804 2079 1085 2163 digredientibus
1117 2077 1245 2160 singuli
1276 2096 1357 2142 suas

411 2189 632 2247 revertuntur
658 2182 695 2244 in
722 2187 850 2264 partes
915 2180 995 2244 Rex
1024 2179 1164 2260 Angliae
1192 2197 1274 2242 mox
1303 2179 1358 2242 die

412 2283 563 2348 crastino
583 2281 669 2363 erigi
690 2281 772 2345 fecit
790 2281 947 2363 patibula
966 2287 1067 2344 extra
1082 2287 1208 2356 castra,
1224 2279 1268 2342 ad
1281 2297 1357 2342 sus-

414 2382 612 2466 pendendos
630 2383 667 2445 in
690 2381 739 2445 eis
753 2381 967 2445 latrunculos
981 2386 1017 2444 et
1030 2380 1222 2463 praedones
1276 2378 1357 2442 Non

414 2483 602 2565 parcebant
612 2481 746 2566 judices
760 2481 910 2563 delegati
924 2481 1024 2545 sexui
1035 2480 1091 2546 vel
1106 2480 1215 2556 aetati,
1229 2498 1359 2561 parque
1370 2485 1401 2530 2⁰

414 2583 481 2646 fuit
503 2582 646 2647 advenae
669 2587 704 2645 et
726 2581 898 2662 indigenae
925 2583 976 2645 rei
1001 2582 1059 2644 lex
1084 2587 1120 2645 et
1142 2580 1359 2662 supplicium.

416 2682 496 2745 Rex
513 2681 670 2746 Franciae
685 2681 847 2764 quicquid
867 2681 921 2745 sui
934 2687 1117 2763 peccarent
1131 2681 1187 2746 vel
1201 2699 1360 2763 peccare·

415 2789 473 2846 tur
495 2783 532 2846 in
556 2801 649 2859 suos,
673 2781 902 2848 dissimulavit
924 2788 960 2845 et
981 2781 1109 2861 tacuit;
1132 2801 1196 2844 rex
1209 2779 1360 2861 Angliae,

415 2902 478 2965 pro
490 2881 698 2946 indifferenti
716 2881 847 2944 habens
867 2881 999 2965 cujates
1014 2882 1143 2945 crimen
1157 2881 1361 2955 involveret,

416 3083 555 3165 reliquit
568 3082 736 3160 inultum3
760 3081 851 3145 unde
873 3089 909 3145 et
930 3101 1020 3145 unus
1042 3082 1154 3146 dictus
1170 3090 1224 3146 est
1237 3080 1361 3162 Agnus

417 3182 670 3259 aGriffonibuS,
684 3183 773 3247 alter
786 3181 914 3248 Leonis
928 3202 1053 3245 nomen
1068 3183 1211 3264 accepit.

267 3293 407 3336 ΕΝ·
467 3283 552 3368 §21.
577 3282 657 3345 Rex
671 3281 811 3364 Angliae
833 3281 927 3346 misit
938 3281 1073 3364 legatos
1087 3301 1169 3346 suos
1184 3282 1227 3345 ad
1247 3299 1363 3362 regern

271 3347 384 3442 2³¹*
420 3384 554 3462 Siciliae,
580 3381 724 3463 exigens
751 3382 775 3446 J
778 3381 951 3446 ohannam
975 3402 1127 3446 sororem
1148 3401 1247 3446 suam
1271 3381 1362 3461 regi-

421 3505 498 3550 nam
519 3482 691 3568 quondam
714 3481 852 3558 Siciliae,
870 3488 906 3544 et
919 3481 1090 3546 dotarium
1105 3483 1193 3566 ejus,
1206 3502 1283 3545 cum
1301 3500 1360 3544 ca·
1376 3489 1407 3534 ³⁰

423 3586 539 3652 thedra
560 3601 674 3659 aurea,
703 3589 739 3645 et
765 3587 876 3646 totum
901 3581 1054 3663 legatum
1069 3583 1234 3647 Willelmi
1260 3581 1364 3662 regis,

427 3688 512 3773 qnod
534 3687 711 3768 legaverat
736 3681 890 3745 Henrico
914 3682 988 3763 regi
1009 3683 1101 3764 patri
1124 3702 1199 3760 suo,
1222 3682 1363 3757 scilicet,

464 3881 476 3909 ⁴
489 3874 656 3940 munima]
674 3874 749 3934 Upon
760 3872 829 3935 Sept·
837 3877 877 3922 16.
902 3872 996 3933 Sicily;
1007 3888 1075 3934 upon
1082 3873 1168 3922 whose
1176 3873 1252 3922 death
1258 3873 1364 3922 without

438 3945 639 4000 fflurived
651 3944 719 4004 Sept.
730 3947 770 3991 23.
901 3943 979 4005 issue,
1001 3947 1033 3993 16
1055 3943 1199 3992 November
1223 3947 1296 4005 1189,
1323 3943 1364 3991 tha

471 4020 602 4084 ιΙςὲιιι
611 4013 726 4066 Willelmi
733 4012 821 4077 regia]
833 4013 878 4063 Jo-
902 4028 987 4062 crown
1000 4014 1093 4074 passed
1110 4017 1136 4062 to
1146 4014 1273 4075 Tancred,
1284 4028 1329 4062 son
1339 4012 1368 4061 of

451 4105 528 4142 ι
542 4087 655 4152 &gater
675 4083 704 4133 of
722 4083 812 4144 Henry
835 4083 877 4132 the
902 4083 987 4146 Roger
997 4083 1066 4132 duke
1074 4083 1268 4146 oiApulie,aud
1276 4084 1365 4145 grand

458 4162 609 4222 fflk‘ng
627 4153 653 4206 oi
671 4153 795 4216 England,
814 4167 878 4202 mar·
903 4167 948 4202 son
959 4153 988 4202 of
995 4153 1080 4216 Roger
1089 4154 1132 4202 the
1143 4154 1249 4215 Second,
1260 4153 1323 4216 king
1340 4152 1369 4202 of

461 4233 601 4281 nith
612 4229 651 4278 tie
666 4223 768 4287 Second,
779 4223 842 4286 king
853 4223 882 4272 oi
902 4223 990 4286 Sicily,
998 4223 1056 4272 who
1066 4223 1127 4272 died
1137 4225 1163 4273 in
1173 4223 1215 4273 the
1223 4239 1285 4285 year
1292 4227 1365 4272 1154.
