3208 5036
399 485 446 532 na
470 482 587 532 nunus
609 482 732 531 ensrrs
757 483 909 530 1111111111
935 484 1051 531 aaran.
1153 467 1195 530 31

249 643 369 707 eadem
385 641 551 706 facilitate
574 659 644 724 qua
668 648 702 705 11
728 641 794 704 sibi
816 641 960 705 castella
984 642 1148 723 patuisse,
1163 661 1200 705 se

250 743 341 808 nolle
355 743 484 806 diutius
500 761 614 805 rerum
638 749 674 806 et
697 741 796 824 regni
818 741 934 806 fratris
951 742 1198 809 desolationem

251 843 388 908 silentio
403 841 584 907 sustinere.
657 867 659 871 ’

303 943 397 1028 139.
432 941 680 1019 CancellariuS,
714 941 759 1004 ad
794 940 870 1004 hacc
901 943 1100 1008 turbatus
1090 963 1200 1006 incre·

1213 649 1362 701 Α.Ι).1191.

1215 959 1342 1000 0111111111

1127 1044 1134 1057 ,
1215 1013 1281 1051 than
1281 1011 1365 1051 cheir-h

225 1045 414 1120 ⁵dibiliter,
439 1043 559 1107 accitis
586 1061 703 1106 eoram
728 1059 766 1104 sc
797 1043 994 1123 proceribus
1024 1051 1059 1107 et
1083 1044 1202 1126 primis

253 1145 437 1221 exercitus,
463 1143 552 1220 infit,
576 1141 682 1206 ‘Non
705 1141 789 1205 mihi
814 1143 1039 1221 credideritis,
1056 1145 1085 1206 si
1101 1143 1203 1207 homo

253 1246 319 1309 iste
332 1263 477 1327 regnum
492 1243 558 1306 sibi
571 1241 758 1327 subjugare
771 1261 841 1305 non
854 1243 988 1324 quaerit.
1043 1243 1203 1326 Praepro-

254 1365 375 1428 perum
392 1343 555 1425 estquod
574 1342 765 1425 praesumit,
788 1343 892 1406 etiam
915 1342 945 1407 si
965 1343 1104 1407 deberet
1127 1363 1205 1406 cum

255 1445 362 1508 fratre
389 1443 569 1508 annuatim
592 1443 764 1507 alternare
792 1461 965 1521 coronam,
989 1444 1070 1525 q'uia
1100 1444 1205 1508 Eteo-

212 1546 326 1610 weles
345 1544 498 1608 nondum
514 1562 643 1607 annum
663 1543 835 1624 integrum
855 1544 1009 1627 explevit
1022 1545 1060 1608 in
1075 1545 1205 1627 regno?

258 1645 374 1709 Multa
388 1644 425 1708 in
440 1643 533 1707 hunc
550 1643 689 1708 modum
703 1645 810 1708 verba
825 1643 1002 1708 efflaverat
1016 1644 1155 1721 doloriS,
1172 1651 1207 1708 et

256 1765 375 1808 rursus
389 1752 542 1809 resumta
558 1745 695 1826 spiritu,
708 1751 749 1807 ut
762 1751 837 1807 erat
848 1745 961 1829 major
981 1745 1083 1809 corde
1104 1765 1207 1827 quam

258 1865 412 1928 corpore,
427 1863 555 1926 magna
570 1844 730 1927 quaedam
754 1852 868 1908 mente
892 1845 1101 1928 concipiens,
1115 1845 1209 1909 misit

258 1947 304 2009 ad
339 1945 499 2011 comitem
539 1944 831 2027 archiepiscopum
880 1944 1208 2027 Rothomagensem,

216 2047 426 2110 remandans
447 2044 652 2127 imperativo
674 2045 776 2109 modo
794 2052 835 2108 ut
852 2052 967 2109 castra
989 2045 1157 2122 redderet,
1174 2053 1210 2109 et

259 2147 303 2210 de
313 2145 512 2229 juramento
533 2165 617 2227 erga
639 2145 781 2209 fratrem
802 2144 950 2210 infracto
974 2165 1090 2210 coram
1115 2145 1210 2210 curia

260 2246 597 2328 regisresponderet.
636 2242 938 2328 Archiepiscopus,
948 2254 1095 2329 utraque
1105 2265 1210 2309 manu

261 2345 429 2410 fabricare
458 2345 603 2429 peritus,
632 2343 838 2410 Cancellarii
868 2346 1024 2411 laudavit
1048 2353 1210 2410 constan-

262 2447 367 2526 tiam;
391 2453 426 2510 11
446 2446 620 2528 profectus
641 2446 685 2509 ad
703 2446 862 2510 comitem
878 2454 958 2528 post
971 2446 1211 2510 mandatorum

218 2562 251 2608 no
264 2546 521 2628 expressionem
552 2547 670 2628 posuit
694 2546 727 2609 11
758 2547 795 2609 in
824 2565 942 2610 aurem
969 2554 1020 2625 ut,
1050 2546 1212 2630 quicquid

263 2647 323 2710 alii
344 2646 509 2723 dicerent,
524 2646 665 2710 auderet
686 2645 816 2728 aliquid
833 2667 1008 2728 magnum,
1026 2646 1154 2730 Gyaris
1178 2654 1213 2710 et

264 2767 401 2812 carcere
423 2746 576 2829 dignum,
592 2747 623 2810 si
644 2745 750 2812 vellet
769 2765 845 2810 esse
868 2747 1009 2831 aliquid.
1063 2747 1106 2811 In
1126 2749 1212 2829 pub·

265 2847 331 2911 lico
347 2855 463 2911 autem
479 2847 652 2912 consuluit
670 2853 710 2910 ut
729 2865 843 2910 comes
867 2854 903 2911 et
919 2845 1153 2912 cancellarius
1169 2846 1213 2911 ad

266 2947 474 3028 colloquium
500 2947 734 3024 convenirent,
765 2955 800 3012 11
828 2947 1064 3012 dissidentiam
1096 2967 1214 3012 eorum

221 3060 253 3106 11
266 3048 524 3130 compromissio
536 3048 573 3111 in
588 3047 749 3112 arbitrios
764 3048 974 3112 terminaret.

1215 1062 1364 1113 opornoun.

318 3147 336 3230 §
358 3147 413 3212 40.
438 3146 562 3212 Comes
578 3147 622 3212 ad
638 3147 879 3212 mandatorum
892 3148 1120 3212 indecentiam
1133 3149 1212 3231 plus
1227 3151 1288 3192 Anin
1226 3151 1375 3254 milli?

268 3264 371 3327 quam
398 3247 520 3325 iratus,
535 3255 611 3312 toto
632 3267 775 3329 corpore
799 3248 903 3312 fiebat
924 3213 1263 3330 incognoscibilis.agr

269 3345 410 3412 Rancor
439 3346 588 3412 frontem
610 3346 787 3412 sulcavit
778 3367 815 3411 111
837 3367 955 3430 rugas,
979 3348 1215 3412 scintillabant

268 3447 429 3510 ardentes
457 3447 559 3524 oculi,
583 3467 700 3512 rosam
735 3446 835 3511 faciei
856 3448 946 3512 livor
969 3448 1099 3526 infecit,
1127 3449 1214 3512 scio·

225 3560 258 3604 so
269 3566 337 3628 quo
361 3547 443 3629 quid
470 3547 567 3611 fieret
591 3548 633 3610 de
650 3545 876 3626 cancellario,
895 3547 925 3612 si
942 3548 979 3612 in
999 3550 1075 3632 ipsa
1090 3548 1215 3613 furoris

269 3645 356 3709 hora
389 3647 479 3711 inter
516 3667 638 3711 manus
674 3649 912 3729 gesticulantis
950 3650 1144 3714 devenisset
1180 3651 1216 3713 in

270 3765 422 3829 pomum.
483 3745 683 3828 Indignatio
718 3749 756 3811 in
791 3755 927 3812 tantum
957 3750 1076 3814 clauso
1109 3751 1217 3814 crevit

270 3847 307 3909 in
337 3854 487 3930 pectore,
513 3848 604 3930 quod
633 3855 694 3912 aut
720 3857 874 3930 creperet
901 3856 962 3912 aut
990 3857 1123 3932 partem
1154 3849 1216 3912 ali-

272 3965 376 4027 quam
398 3947 493 4012 virus
518 3955 701 4012 evomeret.
753 3947 909 4024 ‘Filius'
932 3948 1056 4030 inquit,
1084 3949 1217 4031 ‘perdi-

225 4059 256 4104 15
271 4047 387 4124 tionis,
409 4046 567 4132 pejorum
588 4047 769 4130 pessimus
789 4049 849 4130 qui
871 4048 913 4111 de
939 4049 1151 4112 Francorum
1166 4049 1217 4111 fa-

271 4147 369 4210 cetiis
388 4155 637 4230 praeposterum
657 4147 875 4228 geniculandi
894 4167 1003 4230 genus
1025 4149 1221 4212 transvexit

271 4246 402 4328 primus
417 4247 463 4310 ad
478 4245 626 4330 Anglos,
642 4268 712 4312 non
728 4267 782 4312 me
797 4256 954 4325 vexaret,
970 4256 1010 4312 ut
1025 4249 1176 4325 1111111111,
1191 4249 1221 4311 si
