<?xml version="1.0" encoding="UTF-8"?>
<!DOCTYPE html PUBLIC "-//W3C//DTD XHTML 1.0 Transitional//EN"
    "http://www.w3.org/TR/xhtml1/DTD/xhtml1-transitional.dtd">
<html xmlns="http://www.w3.org/1999/xhtml" xml:lang="en" lang="en">
 <head>
  <title>
</title>
<meta http-equiv="Content-Type" content="text/html;charset=utf-8" />
  <meta name='ocr-system' content='tesseract 3.04.00' />
  <meta name='ocr-capabilities' content='ocr_page ocr_carea ocr_par ocr_line ocrx_word'/>
</head>
<body>
  <div class='ocr_page' id='page_1' title='image "./chroniconricard00stevgoog_0097.png"; bbox 0 0 3208 5036; ppageno 0'>
   <div class='ocr_carea' id='block_1_1' title="bbox 420 483 1118 550">
    <p class='ocr_par' dir='ltr' id='par_1_1' title="bbox 420 483 1118 550">
     <span class='ocr_line' id='line_1_1' title="bbox 420 483 1118 550; baseline -0.006 0"><span class='ocrx_word' id='word_1_1' title='bbox 420 483 465 550; x_wconf 82' lang='lat'><strong>78</strong></span> <span class='ocrx_word' id='word_1_2' title='bbox 680 499 866 548; x_wconf 80' lang='lat' dir='ltr'><strong>nrcnuuus</strong></span> <span class='ocrx_word' id='word_1_3' title='bbox 890 497 1118 547; x_wconf 71' lang='lat' dir='ltr'><strong>brumensis.</strong></span> 
     </span>
    </p>
   </div>
   <div class='ocr_carea' id='block_1_2' title="bbox 255 653 1373 1046">
    <p class='ocr_par' dir='ltr' id='par_1_2' title="bbox 255 653 1373 1046">
     <span class='ocr_line' id='line_1_2' title="bbox 255 653 1371 742; baseline 0.005 -26"><span class='ocrx_word' id='word_1_4' title='bbox 255 666 405 719; x_wconf 66' lang='lat' dir='ltr'><strong>nuum.</strong></span> <span class='ocrx_word' id='word_1_5' title='bbox 419 657 672 742; x_wconf 85' lang='lat' dir='ltr'><strong>Hierosolymae</strong></span> <span class='ocrx_word' id='word_1_6' title='bbox 686 657 978 722; x_wconf 90' lang='lat' dir='ltr'><strong>consecrationem</strong></span> <span class='ocrx_word' id='word_1_7' title='bbox 992 656 1126 722; x_wconf 88' lang='lat' dir='ltr'><strong>censuit</strong></span> <span class='ocrx_word' id='word_1_8' title='bbox 1138 653 1371 722; x_wconf 85' lang='lat' dir='ltr'><strong>differendam.</strong></span> 
     </span>
     <span class='ocr_line' id='line_1_3' title="bbox 420 757 1373 842; baseline -0.004 -17"><span class='ocrx_word' id='word_1_9' title='bbox 420 760 500 825; x_wconf 85' lang='lat' dir='ltr'><strong>Rex</strong></span> <span class='ocrx_word' id='word_1_10' title='bbox 518 758 690 824; x_wconf 85' lang='lat' dir='ltr'><strong>Ricardus</strong></span> <span class='ocrx_word' id='word_1_11' title='bbox 710 759 898 842; x_wconf 85' lang='lat' dir='ltr'><strong>repatriare</strong></span> <span class='ocrx_word' id='word_1_12' title='bbox 912 757 1118 835; x_wconf 65' lang='lat' dir='ltr'><strong>deliberans</strong></span> <span class='ocrx_word' id='word_1_13' title='bbox 1131 776 1210 821; x_wconf 91' lang='lat' dir='ltr'><strong>cum</strong></span> <span class='ocrx_word' id='word_1_14' title='bbox 1229 777 1292 840; x_wconf 87' lang='lat' dir='ltr'><strong>per</strong></span> <span class='ocrx_word' id='word_1_15' title='bbox 1307 758 1373 821; x_wconf 89' lang='lat' dir='ltr'><strong>ml-</strong></span> 
     </span>
     <span class='ocr_line' id='line_1_4' title="bbox 419 858 1371 943; baseline -0.003 -18"><span class='ocrx_word' id='word_1_16' title='bbox 419 860 598 925; x_wconf 89' lang='lat' dir='ltr'><strong>nisterium</strong></span> <span class='ocrx_word' id='word_1_17' title='bbox 627 858 725 924; x_wconf 89' lang='lat' dir='ltr'><strong>ducis</strong></span> <span class='ocrx_word' id='word_1_18' title='bbox 753 859 899 924; x_wconf 87' lang='lat' dir='ltr'><strong>Henrici</strong></span> <span class='ocrx_word' id='word_1_19' title='bbox 928 877 991 943; x_wconf 89' lang='lat' dir='ltr'><strong>per</strong></span> <span class='ocrx_word' id='word_1_20' title='bbox 1015 859 1195 923; x_wconf 86' lang='lat' dir='ltr'><strong>universas</strong></span> <span class='ocrx_word' id='word_1_21' title='bbox 1230 877 1371 922; x_wconf 90' lang='lat' dir='ltr'><strong>suarum</strong></span> 
     </span>
     <span class='ocr_line' id='line_1_5' title="bbox 418 957 1370 1046; baseline -0.003 -20"><span class='ocrx_word' id='word_1_22' title='bbox 418 961 569 1046; x_wconf 84' lang='lat' dir='ltr'><strong>partium</strong></span> <span class='ocrx_word' id='word_1_23' title='bbox 587 967 706 1043; x_wconf 79' lang='lat' dir='ltr'><strong>partas</strong></span> <span class='ocrx_word' id='word_1_24' title='bbox 728 960 937 1024; x_wconf 83' lang='lat' dir='ltr'><strong>munitiones</strong></span> <span class='ocrx_word' id='word_1_25' title='bbox 951 958 1045 1024; x_wconf 78' lang='lat' dir='ltr'><strong>viros</strong></span> <span class='ocrx_word' id='word_1_26' title='bbox 1059 957 1286 1024; x_wconf 83' lang='lat' dir='ltr'><strong>defensabiles</strong></span> <span class='ocrx_word' id='word_1_27' title='bbox 1301 959 1370 1023; x_wconf 91' lang='lat' dir='ltr'><strong>dis-</strong></span> 
     </span>
    </p>
   </div>
   <div class='ocr_carea' id='block_1_3' title="bbox 348 1060 1416 3663">
    <p class='ocr_par' dir='ltr' id='par_1_3' title="bbox 413 1060 1416 2354">
     <span class='ocr_line' id='line_1_6' title="bbox 417 1060 1415 1146; baseline -0.006 -20"><span class='ocrx_word' id='word_1_28' title='bbox 417 1061 602 1146; x_wconf 81' lang='lat' dir='ltr'>posuisset,</span> <span class='ocrx_word' id='word_1_29' title='bbox 628 1061 737 1126; x_wconf 87' lang='lat' dir='ltr'><strong>solam</strong></span> <span class='ocrx_word' id='word_1_30' title='bbox 751 1060 972 1137; x_wconf 80' lang='lat' dir='ltr'><strong>Ascalonem,</strong></span> <span class='ocrx_word' id='word_1_31' title='bbox 994 1079 1058 1143; x_wconf 90' lang='lat' dir='ltr'><strong>pro</strong></span> <span class='ocrx_word' id='word_1_32' title='bbox 1081 1060 1194 1142; x_wconf 87' lang='lat' dir='ltr'><strong>gentis</strong></span> <span class='ocrx_word' id='word_1_33' title='bbox 1215 1061 1370 1143; x_wconf 88' lang='lat' dir='ltr'><strong>penuria,</strong></span> <span class='ocrx_word' id='word_1_34' title='bbox 1400 1077 1415 1120; x_wconf 81' lang='lat'>⁵</span> 
     </span>
     <span class='ocr_line' id='line_1_7' title="bbox 417 1160 1371 1246; baseline -0.002 -19"><span class='ocrx_word' id='word_1_35' title='bbox 417 1161 599 1246; x_wconf 86' lang='lat' dir='ltr'>perpendit</span> <span class='ocrx_word' id='word_1_36' title='bbox 611 1161 753 1226; x_wconf 89' lang='lat' dir='ltr'><strong>custode</strong></span> <span class='ocrx_word' id='word_1_37' title='bbox 767 1161 952 1226; x_wconf 90' lang='lat' dir='ltr'><strong>carituram</strong></span> <span class='ocrx_word' id='word_1_38' title='bbox 966 1167 1001 1224; x_wconf 94' lang='lat' dir='ltr'><strong>et</strong></span> <span class='ocrx_word' id='word_1_39' title='bbox 1016 1160 1222 1224; x_wconf 88' lang='lat' dir='ltr'><strong>habitatore.</strong></span> <span class='ocrx_word' id='word_1_40' title='bbox 1269 1160 1371 1225; x_wconf 92' lang='lat' dir='ltr'><strong>Unde</strong></span> 
     </span>
     <span class='ocr_line' id='line_1_8' title="bbox 418 1261 1369 1347; baseline -0.003 -19"><span class='ocrx_word' id='word_1_41' title='bbox 418 1270 453 1328; x_wconf 91' lang='lat' dir='ltr'><strong>et</strong></span> <span class='ocrx_word' id='word_1_42' title='bbox 467 1280 680 1347; x_wconf 85' lang='lat' dir='ltr'><strong>praecavens,</strong></span> <span class='ocrx_word' id='word_1_43' title='bbox 693 1282 737 1327; x_wconf 88' lang='lat' dir='ltr'><strong>ne</strong></span> <span class='ocrx_word' id='word_1_44' title='bbox 751 1262 886 1327; x_wconf 87' lang='lat' dir='ltr'><strong>refieret</strong></span> <span class='ocrx_word' id='word_1_45' title='bbox 900 1261 1079 1344; x_wconf 81' lang='lat' dir='ltr'><strong>gentilium</strong></span> <span class='ocrx_word' id='word_1_46' title='bbox 1102 1261 1369 1344; x_wconf 76' lang='lat' dir='ltr'><strong>receptaculum,</strong></span> 
     </span>
     <span class='ocr_line' id='line_1_9' title="bbox 418 1362 1368 1448; baseline 0 -20"><span class='ocrx_word' id='word_1_47' title='bbox 418 1364 521 1448; x_wconf 88' lang='lat' dir='ltr'><strong>dejici</strong></span> <span class='ocrx_word' id='word_1_48' title='bbox 547 1362 630 1429; x_wconf 85' lang='lat' dir='ltr'><strong>fecit</strong></span> <span class='ocrx_word' id='word_1_49' title='bbox 659 1365 765 1428; x_wconf 81' lang='lat' dir='ltr'><strong>castri</strong></span> <span class='ocrx_word' id='word_1_50' title='bbox 793 1363 1000 1427; x_wconf 85' lang='lat' dir='ltr'><strong>munitiones</strong></span> <span class='ocrx_word' id='word_1_51' title='bbox 1033 1369 1069 1426; x_wconf 90' lang='lat' dir='ltr'><strong>et</strong></span> <span class='ocrx_word' id='word_1_52' title='bbox 1096 1362 1368 1446; x_wconf 81' lang='lat' dir='ltr'><strong>propugnacula</strong></span> 
     </span>
     <span class='ocr_line' id='line_1_10' title="bbox 418 1462 1370 1548; baseline -0.002 -19"><span class='ocrx_word' id='word_1_53' title='bbox 418 1464 581 1548; x_wconf 87' lang='lat' dir='ltr'><strong>Septimae</strong></span> <span class='ocrx_word' id='word_1_54' title='bbox 606 1465 809 1548; x_wconf 74' lang='lat' dir='ltr'><strong>septimanae</strong></span> <span class='ocrx_word' id='word_1_55' title='bbox 830 1464 998 1546; x_wconf 88' lang='lat' dir='ltr'><strong>septimus</strong></span> <span class='ocrx_word' id='word_1_56' title='bbox 1020 1462 1092 1526; x_wconf 85' lang='lat' dir='ltr'><strong>dies</strong></span> <span class='ocrx_word' id='word_1_57' title='bbox 1114 1462 1313 1540; x_wconf 78' lang='lat' dir='ltr'><strong>advenerat,</strong></span> <span class='ocrx_word' id='word_1_58' title='bbox 1335 1470 1370 1527; x_wconf 90' lang='lat' dir='ltr'><strong>et</strong></span> 
     </span>
     <span class='ocr_line' id='line_1_11' title="bbox 418 1561 1416 1647; baseline -0.003 -17"><span class='ocrx_word' id='word_1_59' title='bbox 418 1585 509 1642; x_wconf 89' lang='lat' dir='ltr'><strong>ecce,</strong></span> <span class='ocrx_word' id='word_1_60' title='bbox 542 1563 710 1630; x_wconf 87' lang='lat' dir='ltr'><strong>Saffatino</strong></span> <span class='ocrx_word' id='word_1_61' title='bbox 739 1583 817 1628; x_wconf 92' lang='lat' dir='ltr'><strong>cum</strong></span> <span class='ocrx_word' id='word_1_62' title='bbox 843 1564 999 1647; x_wconf 82' lang='lat' dir='ltr'><strong>plurimis</strong></span> <span class='ocrx_word' id='word_1_63' title='bbox 1031 1561 1278 1641; x_wconf 89' lang='lat' dir='ltr'><strong>Admiralibus,</strong></span> <span class='ocrx_word' id='word_1_64' title='bbox 1310 1565 1369 1646; x_wconf 91' lang='lat' dir='ltr'><strong>qui</strong></span> <span class='ocrx_word' id='word_1_65' title='bbox 1383 1575 1416 1621; x_wconf 85' lang='lat'><strong>1⁰</strong></span> 
     </span>
     <span class='ocr_line' id='line_1_12' title="bbox 418 1665 1369 1748; baseline -0.002 -18"><span class='ocrx_word' id='word_1_66' title='bbox 418 1665 541 1731; x_wconf 84' lang='lat' dir='ltr'><strong>faciem</strong></span> <span class='ocrx_word' id='word_1_67' title='bbox 555 1666 621 1730; x_wconf 86' lang='lat' dir='ltr'><strong>viri</strong></span> <span class='ocrx_word' id='word_1_68' title='bbox 638 1665 755 1730; x_wconf 80' lang='lat' dir='ltr'><strong>videre</strong></span> <span class='ocrx_word' id='word_1_69' title='bbox 775 1666 976 1748; x_wconf 87' lang='lat' dir='ltr'><strong>gestierunt,</strong></span> <span class='ocrx_word' id='word_1_70' title='bbox 1001 1665 1046 1728; x_wconf 88' lang='lat' dir='ltr'><strong>ad</strong></span> <span class='ocrx_word' id='word_1_71' title='bbox 1068 1684 1184 1747; x_wconf 89' lang='lat' dir='ltr'><strong>regem</strong></span> <span class='ocrx_word' id='word_1_72' title='bbox 1198 1665 1369 1742; x_wconf 88' lang='lat' dir='ltr'><strong>veniente,</strong></span> 
     </span>
     <span class='ocr_line' id='line_1_13' title="bbox 413 1764 1370 1852; baseline -0.001 -22"><span class='ocrx_word' id='word_1_73' title='bbox 413 1765 620 1852; x_wconf 90' lang='lat' dir='ltr'><strong>juramentis</strong></span> <span class='ocrx_word' id='word_1_74' title='bbox 650 1767 800 1850; x_wconf 85' lang='lat' dir='ltr'><strong>partium</strong></span> <span class='ocrx_word' id='word_1_75' title='bbox 832 1766 1078 1830; x_wconf 89' lang='lat' dir='ltr'><strong>confirmantur</strong></span> <span class='ocrx_word' id='word_1_76' title='bbox 1104 1765 1272 1845; x_wconf 80' lang='lat' dir='ltr'><strong>induciae3</strong></span> <span class='ocrx_word' id='word_1_77' title='bbox 1304 1764 1370 1830; x_wconf 89' lang='lat' dir='ltr'><strong>hcc</strong></span> 
     </span>
     <span class='ocr_line' id='line_1_14' title="bbox 418 1865 1370 1951; baseline -0.001 -20"><span class='ocrx_word' id='word_1_78' title='bbox 418 1867 462 1932; x_wconf 88' lang='lat' dir='ltr'><strong>ad</strong></span> <span class='ocrx_word' id='word_1_79' title='bbox 490 1869 778 1951; x_wconf 85' lang='lat' dir='ltr'><strong>praetaxationem</strong></span> <span class='ocrx_word' id='word_1_80' title='bbox 812 1866 942 1945; x_wconf 88' lang='lat' dir='ltr'><strong>addito,</strong></span> <span class='ocrx_word' id='word_1_81' title='bbox 969 1874 1010 1931; x_wconf 90' lang='lat' dir='ltr'><strong>nt</strong></span> <span class='ocrx_word' id='word_1_82' title='bbox 1035 1865 1128 1930; x_wconf 86' lang='lat' dir='ltr'><strong>infra</strong></span> <span class='ocrx_word' id='word_1_83' title='bbox 1155 1865 1370 1931; x_wconf 81' lang='lat' dir='ltr'><strong>induciarum</strong></span> 
     </span>
     <span class='ocr_line' id='line_1_15' title="bbox 418 1964 1369 2052; baseline -0.001 -20"><span class='ocrx_word' id='word_1_84' title='bbox 418 1969 568 2052; x_wconf 87' lang='lat' dir='ltr'><strong>spatium</strong></span> <span class='ocrx_word' id='word_1_85' title='bbox 593 1965 811 2033; x_wconf 81' lang='lat' dir='ltr'><strong>Christianus</strong></span> <span class='ocrx_word' id='word_1_86' title='bbox 824 1968 880 2033; x_wconf 78' lang='lat' dir='ltr'><strong>vel</strong></span> <span class='ocrx_word' id='word_1_87' title='bbox 895 1967 1046 2032; x_wconf 87' lang='lat' dir='ltr'><strong>Gentilis</strong></span> <span class='ocrx_word' id='word_1_88' title='bbox 1060 1964 1269 2033; x_wconf 86' lang='lat' dir='ltr'><strong>Ascalonem</strong></span> <span class='ocrx_word' id='word_1_89' title='bbox 1291 1967 1369 2031; x_wconf 90' lang='lat' dir='ltr'><strong>nul-</strong></span> 
     </span>
     <span class='ocr_line' id='line_1_16' title="bbox 418 2066 1415 2152; baseline -0.005 -19"><span class='ocrx_word' id='word_1_90' title='bbox 418 2069 473 2133; x_wconf 90' lang='lat' dir='ltr'><strong>lus</strong></span> <span class='ocrx_word' id='word_1_91' title='bbox 496 2068 717 2146; x_wconf 83' lang='lat' dir='ltr'><strong>inhabitaret,</strong></span> <span class='ocrx_word' id='word_1_92' title='bbox 740 2075 816 2134; x_wconf 90' lang='lat' dir='ltr'><strong>tota</strong></span> <span class='ocrx_word' id='word_1_93' title='bbox 829 2075 947 2134; x_wconf 85' lang='lat' dir='ltr'><strong>tamen</strong></span> <span class='ocrx_word' id='word_1_94' title='bbox 965 2068 1179 2152; x_wconf 77' lang='lat' dir='ltr'><strong>agricultura</strong></span> <span class='ocrx_word' id='word_1_95' title='bbox 1193 2066 1238 2131; x_wconf 91' lang='lat' dir='ltr'><strong>ad</strong></span> <span class='ocrx_word' id='word_1_96' title='bbox 1251 2068 1370 2132; x_wconf 88' lang='lat' dir='ltr'><strong>urbem</strong></span> <span class='ocrx_word' id='word_1_97' title='bbox 1383 2083 1415 2129; x_wconf 77' lang='lat'><strong>1⁶</strong></span> 
     </span>
     <span class='ocr_line' id='line_1_17' title="bbox 418 2167 1370 2253; baseline -0.002 -19"><span class='ocrx_word' id='word_1_98' title='bbox 418 2170 593 2253; x_wconf 89' lang='lat' dir='ltr'><strong>pertinens</strong></span> <span class='ocrx_word' id='word_1_99' title='bbox 621 2169 777 2234; x_wconf 89' lang='lat' dir='ltr'><strong>fidelibus</strong></span> <span class='ocrx_word' id='word_1_100' title='bbox 811 2175 1013 2235; x_wconf 85' lang='lat' dir='ltr'><strong>remaneret.</strong></span> <span class='ocrx_word' id='word_1_101' title='bbox 1066 2167 1247 2232; x_wconf 86' lang='lat' dir='ltr'><strong>Hubertus</strong></span> <span class='ocrx_word' id='word_1_102' title='bbox 1279 2168 1370 2252; x_wconf 91' lang='lat' dir='ltr'><strong>epis-</strong></span> 
     </span>
     <span class='ocr_line' id='line_1_18' title="bbox 418 2267 1370 2354; baseline -0.001 -20"><span class='ocrx_word' id='word_1_103' title='bbox 418 2289 525 2354; x_wconf 91' lang='lat' dir='ltr'><strong>copus</strong></span> <span class='ocrx_word' id='word_1_104' title='bbox 539 2269 804 2335; x_wconf 86' lang='lat' dir='ltr'><strong>Sarisbun&#39;eusis</strong></span> <span class='ocrx_word' id='word_1_105' title='bbox 819 2277 854 2335; x_wconf 91' lang='lat' dir='ltr'><strong>et</strong></span> <span class='ocrx_word' id='word_1_106' title='bbox 870 2269 1044 2335; x_wconf 88' lang='lat' dir='ltr'><strong>Henricus</strong></span> <span class='ocrx_word' id='word_1_107' title='bbox 1058 2268 1131 2333; x_wconf 86' lang='lat' dir='ltr'><strong>dux</strong></span> <span class='ocrx_word' id='word_1_108' title='bbox 1146 2267 1169 2332; x_wconf 87' lang='lat' dir='ltr'><strong>J</strong></span> <span class='ocrx_word' id='word_1_109' title='bbox 1171 2268 1282 2334; x_wconf 88' lang='lat' dir='ltr'><strong>udaeae</strong></span> <span class='ocrx_word' id='word_1_110' title='bbox 1292 2289 1370 2333; x_wconf 91' lang='lat' dir='ltr'><strong>cum</strong></span> 
     </span>
    </p>

    <p class='ocr_par' dir='ltr' id='par_1_4' title="bbox 348 2370 1415 3663">
     <span class='ocr_line' id='line_1_19' title="bbox 348 2370 1369 2453; baseline -0.003 -17"><span class='ocrx_word' id='word_1_111' title='bbox 348 2417 352 2426; x_wconf 79' lang='lat'>.</span> <span class='ocrx_word' id='word_1_112' title='bbox 418 2391 524 2436; x_wconf 89' lang='lat' dir='ltr'><strong>manu</strong></span> <span class='ocrx_word' id='word_1_113' title='bbox 546 2371 656 2436; x_wconf 86' lang='lat' dir='ltr'><strong>multa</strong></span> <span class='ocrx_word' id='word_1_114' title='bbox 675 2371 903 2436; x_wconf 90' lang='lat' dir='ltr'><strong>ascenderunt</strong></span> <span class='ocrx_word' id='word_1_115' title='bbox 922 2371 959 2434; x_wconf 91' lang='lat' dir='ltr'><strong>in</strong></span> <span class='ocrx_word' id='word_1_116' title='bbox 983 2370 1262 2453; x_wconf 80' lang='lat' dir='ltr'><strong>Hierosolymam</strong></span> <span class='ocrx_word' id='word_1_117' title='bbox 1285 2370 1369 2434; x_wconf 88' lang='lat' dir='ltr'><strong>ado-</strong></span> 
     </span>
     <span class='ocr_line' id='line_1_20' title="bbox 419 2469 1370 2555; baseline -0.001 -19"><span class='ocrx_word' id='word_1_118' title='bbox 419 2491 496 2536; x_wconf 87' lang='lat' dir='ltr'><strong>rare</strong></span> <span class='ocrx_word' id='word_1_119' title='bbox 509 2471 547 2535; x_wconf 92' lang='lat' dir='ltr'><strong>in</strong></span> <span class='ocrx_word' id='word_1_120' title='bbox 559 2471 649 2549; x_wconf 92' lang='lat' dir='ltr'><strong>loco,</strong></span> <span class='ocrx_word' id='word_1_121' title='bbox 664 2472 723 2536; x_wconf 91' lang='lat' dir='ltr'><strong>ubi</strong></span> <span class='ocrx_word' id='word_1_122' title='bbox 737 2478 907 2536; x_wconf 84' lang='lat' dir='ltr'><strong>steterant</strong></span> <span class='ocrx_word' id='word_1_123' title='bbox 920 2471 1025 2555; x_wconf 88' lang='lat' dir='ltr'><strong>pedes</strong></span> <span class='ocrx_word' id='word_1_124' title='bbox 1041 2470 1182 2535; x_wconf 84' lang='lat' dir='ltr'><strong>Christi.</strong></span> <span class='ocrx_word' id='word_1_125' title='bbox 1235 2469 1282 2534; x_wconf 90' lang='lat' dir='ltr'><strong>Et</strong></span> <span class='ocrx_word' id='word_1_126' title='bbox 1294 2478 1370 2536; x_wconf 86' lang='lat' dir='ltr'><strong>erat</strong></span> 
     </span>
     <span class='ocr_line' id='line_1_21' title="bbox 418 2571 1415 2656; baseline -0.006 -20"><span class='ocrx_word' id='word_1_127' title='bbox 418 2573 466 2636; x_wconf 93' lang='lat' dir='ltr'><strong>ibi</strong></span> <span class='ocrx_word' id='word_1_128' title='bbox 491 2571 608 2637; x_wconf 84' lang='lat' dir='ltr'><strong>videre</strong></span> <span class='ocrx_word' id='word_1_129' title='bbox 639 2572 788 2650; x_wconf 88' lang='lat' dir='ltr'><strong>miseria,</strong></span> <span class='ocrx_word' id='word_1_130' title='bbox 818 2572 947 2656; x_wconf 86' lang='lat' dir='ltr'><strong>captivi</strong></span> <span class='ocrx_word' id='word_1_131' title='bbox 977 2571 1192 2636; x_wconf 87' lang='lat' dir='ltr'><strong>confessores</strong></span> <span class='ocrx_word' id='word_1_132' title='bbox 1221 2571 1415 2635; x_wconf 73' lang='lat' dir='ltr'><strong>neminisse</strong></span> 
     </span>
     <span class='ocr_line' id='line_1_22' title="bbox 418 2671 1369 2757; baseline -0.001 -20"><span class='ocrx_word' id='word_1_133' title='bbox 418 2671 608 2737; x_wconf 84' lang='lat' dir='ltr'><strong>Christiani</strong></span> <span class='ocrx_word' id='word_1_134' title='bbox 623 2672 747 2737; x_wconf 91' lang='lat' dir='ltr'><strong>durum</strong></span> <span class='ocrx_word' id='word_1_135' title='bbox 768 2680 804 2737; x_wconf 90' lang='lat' dir='ltr'><strong>et</strong></span> <span class='ocrx_word' id='word_1_136' title='bbox 825 2672 1024 2738; x_wconf 88' lang='lat' dir='ltr'><strong>dintumum</strong></span> <span class='ocrx_word' id='word_1_137' title='bbox 1039 2671 1224 2738; x_wconf 87' lang='lat' dir='ltr'><strong>trahebant</strong></span> <span class='ocrx_word' id='word_1_138' title='bbox 1238 2679 1369 2757; x_wconf 88' lang='lat' dir='ltr'><strong>marty·</strong></span> 
     </span>
     <span class='ocr_line' id='line_1_23' title="bbox 417 2772 1369 2857; baseline 0.002 -21"><span class='ocrx_word' id='word_1_139' title='bbox 417 2773 529 2854; x_wconf 84' lang='lat' dir='ltr'><strong>rinm3</strong></span> <span class='ocrx_word' id='word_1_140' title='bbox 552 2793 615 2856; x_wconf 89' lang='lat' dir='ltr'><strong>per</strong></span> <span class='ocrx_word' id='word_1_141' title='bbox 638 2791 766 2837; x_wconf 90' lang='lat' dir='ltr'><strong>cuneos</strong></span> <span class='ocrx_word' id='word_1_142' title='bbox 790 2774 1018 2852; x_wconf 87' lang='lat' dir='ltr'><strong>concatenati,</strong></span> <span class='ocrx_word' id='word_1_143' title='bbox 1039 2772 1145 2857; x_wconf 90' lang='lat' dir='ltr'><strong>pedes</strong></span> <span class='ocrx_word' id='word_1_144' title='bbox 1168 2772 1369 2851; x_wconf 85' lang='lat' dir='ltr'><strong>exulcerati,</strong></span> 
     </span>
     <span class='ocr_line' id='line_1_24' title="bbox 418 2873 1368 2956; baseline 0.001 -19"><span class='ocrx_word' id='word_1_145' title='bbox 418 2873 579 2938; x_wconf 86' lang='lat' dir='ltr'><strong>humeros</strong></span> <span class='ocrx_word' id='word_1_146' title='bbox 603 2874 782 2952; x_wconf 86' lang='lat' dir='ltr'><strong>excoriati,</strong></span> <span class='ocrx_word' id='word_1_147' title='bbox 797 2874 916 2938; x_wconf 90' lang='lat' dir='ltr'><strong>clunes</strong></span> <span class='ocrx_word' id='word_1_148' title='bbox 944 2874 1124 2951; x_wconf 89' lang='lat' dir='ltr'><strong>stimulati,</strong></span> <span class='ocrx_word' id='word_1_149' title='bbox 1151 2881 1251 2956; x_wconf 80' lang='lat' dir='ltr'><strong>terga</strong></span> <span class='ocrx_word' id='word_1_150' title='bbox 1276 2875 1368 2953; x_wconf 85' lang='lat' dir='ltr'><strong>caesi,</strong></span> 
     </span>
     <span class='ocr_line' id='line_1_25' title="bbox 418 2971 1368 3058; baseline 0 -19"><span class='ocrx_word' id='word_1_151' title='bbox 418 2974 462 3040; x_wconf 87' lang='lat' dir='ltr'><strong>ad</strong></span> <span class='ocrx_word' id='word_1_152' title='bbox 483 2974 786 3058; x_wconf 81' lang='lat' dir='ltr'><strong>inexpugnabilem</strong></span> <span class='ocrx_word' id='word_1_153' title='bbox 802 2974 994 3040; x_wconf 86' lang='lat' dir='ltr'><strong>faciendam</strong></span> <span class='ocrx_word' id='word_1_154' title='bbox 1017 2980 1139 3039; x_wconf 84' lang='lat' dir='ltr'><strong>contra</strong></span> <span class='ocrx_word' id='word_1_155' title='bbox 1152 2971 1368 3039; x_wconf 81' lang='lat' dir='ltr'><strong>Christianos</strong></span> 
     </span>
     <span class='ocr_line' id='line_1_26' title="bbox 418 3075 1413 3160; baseline 0 -20"><span class='ocrx_word' id='word_1_156' title='bbox 418 3075 709 3160; x_wconf 86' lang='lat' dir='ltr'><strong>Hierosolymam,</strong></span> <span class='ocrx_word' id='word_1_157' title='bbox 725 3075 770 3140; x_wconf 90' lang='lat' dir='ltr'><strong>ad</strong></span> <span class='ocrx_word' id='word_1_158' title='bbox 791 3095 913 3140; x_wconf 89' lang='lat' dir='ltr'><strong>manus</strong></span> <span class='ocrx_word' id='word_1_159' title='bbox 925 3075 1132 3140; x_wconf 89' lang='lat' dir='ltr'><strong>latomorum</strong></span> <span class='ocrx_word' id='word_1_160' title='bbox 1146 3081 1182 3139; x_wconf 89' lang='lat' dir='ltr'><strong>et</strong></span> <span class='ocrx_word' id='word_1_161' title='bbox 1195 3083 1368 3140; x_wconf 85' lang='lat' dir='ltr'><strong>cementa·</strong></span> <span class='ocrx_word' id='word_1_162' title='bbox 1380 3086 1413 3132; x_wconf 74' lang='lat'><strong>2⁵</strong></span> 
     </span>
     <span class='ocr_line' id='line_1_27' title="bbox 416 3175 1368 3260; baseline 0 -19"><span class='ocrx_word' id='word_1_163' title='bbox 416 3177 545 3241; x_wconf 90' lang='lat' dir='ltr'><strong>riorum</strong></span> <span class='ocrx_word' id='word_1_164' title='bbox 557 3177 734 3242; x_wconf 87' lang='lat' dir='ltr'><strong>materiem</strong></span> <span class='ocrx_word' id='word_1_165' title='bbox 748 3179 1021 3260; x_wconf 88' lang='lat' dir='ltr'><strong>comportabant.</strong></span> <span class='ocrx_word' id='word_1_166' title='bbox 1071 3176 1219 3241; x_wconf 86' lang='lat' dir='ltr'><strong>Reversi</strong></span> <span class='ocrx_word' id='word_1_167' title='bbox 1241 3194 1262 3239; x_wconf 89' lang='lat' dir='ltr'><strong>a</strong></span> <span class='ocrx_word' id='word_1_168' title='bbox 1283 3175 1368 3241; x_wconf 89' lang='lat' dir='ltr'><strong>locis</strong></span> 
     </span>
     <span class='ocr_line' id='line_1_28' title="bbox 418 3277 1367 3362; baseline 0 -20"><span class='ocrx_word' id='word_1_169' title='bbox 418 3279 547 3342; x_wconf 88' lang='lat' dir='ltr'><strong>sanetis</strong></span> <span class='ocrx_word' id='word_1_170' title='bbox 561 3277 634 3341; x_wconf 85' lang='lat' dir='ltr'><strong>dux</strong></span> <span class='ocrx_word' id='word_1_171' title='bbox 649 3285 684 3343; x_wconf 92' lang='lat' dir='ltr'><strong>et</strong></span> <span class='ocrx_word' id='word_1_172' title='bbox 698 3278 879 3362; x_wconf 88' lang='lat' dir='ltr'><strong>episcopus</strong></span> <span class='ocrx_word' id='word_1_173' title='bbox 894 3283 1077 3342; x_wconf 89' lang='lat' dir='ltr'><strong>suaserunt</strong></span> <span class='ocrx_word' id='word_1_174' title='bbox 1091 3277 1178 3360; x_wconf 87' lang='lat' dir='ltr'><strong>regi,</strong></span> <span class='ocrx_word' id='word_1_175' title='bbox 1192 3284 1233 3340; x_wconf 91' lang='lat' dir='ltr'><strong>ut</strong></span> <span class='ocrx_word' id='word_1_176' title='bbox 1246 3277 1367 3360; x_wconf 87' lang='lat' dir='ltr'><strong>etipse</strong></span> 
     </span>
     <span class='ocr_line' id='line_1_29' title="bbox 418 3376 1368 3462; baseline 0 -18"><span class='ocrx_word' id='word_1_177' title='bbox 418 3379 629 3457; x_wconf 87' lang='lat' dir='ltr'><strong>ascenderet,</strong></span> <span class='ocrx_word' id='word_1_178' title='bbox 663 3379 723 3444; x_wconf 91' lang='lat' dir='ltr'><strong>sed</strong></span> <span class='ocrx_word' id='word_1_179' title='bbox 760 3380 981 3462; x_wconf 90' lang='lat' dir='ltr'><strong>adquiescere</strong></span> <span class='ocrx_word' id='word_1_180' title='bbox 1016 3398 1086 3442; x_wconf 92' lang='lat' dir='ltr'><strong>non</strong></span> <span class='ocrx_word' id='word_1_181' title='bbox 1121 3377 1235 3461; x_wconf 91' lang='lat' dir='ltr'><strong>potuit</strong></span> <span class='ocrx_word' id='word_1_182' title='bbox 1262 3376 1368 3460; x_wconf 91' lang='lat' dir='ltr'><strong>digna</strong></span> 
     </span>
     <span class='ocr_line' id='line_1_30' title="bbox 418 3478 1367 3562; baseline 0.002 -19"><span class='ocrx_word' id='word_1_183' title='bbox 418 3480 535 3562; x_wconf 89' lang='lat' dir='ltr'><strong>magni</strong></span> <span class='ocrx_word' id='word_1_184' title='bbox 561 3479 672 3543; x_wconf 88' lang='lat' dir='ltr'><strong>cordis</strong></span> <span class='ocrx_word' id='word_1_185' title='bbox 697 3479 902 3562; x_wconf 86' lang='lat' dir='ltr'><strong>indignatio,</strong></span> <span class='ocrx_word' id='word_1_186' title='bbox 933 3486 972 3544; x_wconf 92' lang='lat' dir='ltr'><strong>ut</strong></span> <span class='ocrx_word' id='word_1_187' title='bbox 996 3479 1088 3561; x_wconf 90' lang='lat' dir='ltr'><strong>quod</strong></span> <span class='ocrx_word' id='word_1_188' title='bbox 1115 3478 1158 3542; x_wconf 92' lang='lat' dir='ltr'><strong>de</strong></span> <span class='ocrx_word' id='word_1_189' title='bbox 1183 3478 1251 3543; x_wconf 90' lang='lat' dir='ltr'><strong>Dei</strong></span> <span class='ocrx_word' id='word_1_190' title='bbox 1276 3478 1367 3544; x_wconf 92' lang='lat' dir='ltr'><strong>dono</strong></span> 
     </span>
     <span class='ocr_line' id='line_1_31' title="bbox 418 3579 1412 3663; baseline -0.002 -19"><span class='ocrx_word' id='word_1_191' title='bbox 418 3599 488 3644; x_wconf 89' lang='lat' dir='ltr'><strong>non</strong></span> <span class='ocrx_word' id='word_1_192' title='bbox 500 3587 650 3662; x_wconf 89' lang='lat' dir='ltr'><strong>poterat,</strong></span> <span class='ocrx_word' id='word_1_193' title='bbox 663 3579 705 3643; x_wconf 89' lang='lat' dir='ltr'><strong>de</strong></span> <span class='ocrx_word' id='word_1_194' title='bbox 720 3581 835 3663; x_wconf 84' lang='lat' dir='ltr'><strong>gratia</strong></span> <span class='ocrx_word' id='word_1_195' title='bbox 849 3579 1040 3646; x_wconf 88' lang='lat' dir='ltr'><strong>Gentilium</strong></span> <span class='ocrx_word' id='word_1_196' title='bbox 1053 3586 1330 3662; x_wconf 88' lang='lat' dir='ltr'><strong>consequeretur.</strong></span> <span class='ocrx_word' id='word_1_197' title='bbox 1380 3605 1412 3651; x_wconf 74' lang='lat'><strong>30</strong></span> 
     </span>
    </p>
   </div>
   <div class='ocr_carea' id='block_1_4' title="bbox 0 0 1608 5036">
    <p class='ocr_par' dir='ltr' id='par_1_5' title="bbox 0 0 1608 5036">
     <span class='ocr_line' id='line_1_32' title="bbox 0 0 1608 5036; baseline 0 0"><span class='ocrx_word' id='word_1_198' title='bbox 0 0 1608 5036; x_wconf 95' lang='lat' dir='ltr'><strong> </strong></span> 
     </span>
    </p>
   </div>
  </div>
 </body>
</html>
