3208 5036
383 488 405 551 8
656 503 841 550 moranus
865 499 1080 548 nrvrsmusrs

219 681 370 730 analeo.
383 664 478 726 nium
494 661 749 745 Cisalpinorum
770 663 963 745 principum
985 663 1116 745 primus
1139 663 1331 727 exstiterat.

385 763 466 826 Rex
495 764 586 846 regis
613 764 750 827 nomine
776 763 913 845 dignus
941 763 1000 845 qui
1021 764 1133 845 primo
1160 764 1258 845 regni
1280 765 1334 827 sui
1450 767 1470 802 ⁶

383 883 475 927 anno
497 884 641 945 regnum
656 862 795 945 Angliae
817 884 880 948 pro
896 861 1035 927 Christo
1057 883 1127 927 non
1150 883 1249 927 secus
1264 863 1334 926 fere

383 964 522 1047 reliquit
537 983 640 1052 quam
656 964 685 1027 si
700 984 770 1027 non
785 965 957 1027 rediturus
977 964 1097 1027 abiret.
1136 962 1253 1028 Tanta
1267 963 1332 1027 fuit

383 1065 448 1127 viri
463 1065 613 1141 devotio,
627 1072 699 1128 tam
725 1065 852 1141 subito,
869 1072 940 1128 tam
963 1065 1032 1128 cito
1055 1071 1090 1128 et
1111 1064 1267 1128 celeriter
1289 1064 1333 1127 ad
1363 1079 1377 1123 5

383 1165 597 1229 ulciscendas
622 1164 751 1228 Christi
773 1166 934 1242 cucurrit,
957 1166 1061 1227 immo
1077 1164 1219 1241 volavit,
1242 1164 1333 1248 inju-

383 1266 463 1328 rias.
517 1265 633 1346 Regni
656 1273 773 1329 tamen
803 1265 947 1329 oonsilio
973 1264 1237 1347 aliquantulum,
1253 1264 1334 1326 dum

384 1383 438 1428 res
454 1364 565 1448 major
578 1366 614 1428 in
630 1372 744 1429 mente
759 1366 967 1447 patiebatur,
980 1365 1175 1446 indulgens,
1191 1371 1334 1447 accepta

385 1484 405 1527 a
420 1484 553 1528 summo
570 1465 739 1529 Pontifice
756 1472 941 1547 potestate,
964 1472 1003 1529 ut
1023 1466 1214 1548 cuicunque
1230 1465 1335 1528 vellet

384 1564 426 1628 de
442 1565 513 1628 suis
529 1584 663 1628 crucem
679 1565 885 1644 detraheret,
901 1585 973 1628 suae
990 1566 1186 1648 reipublicae
1201 1566 1378 1628 rationem

384 1665 556 1746 regendae,
584 1665 773 1747 Hugonem
800 1667 843 1730 de
874 1665 1000 1741 Pusac‚
1026 1667 1224 1748 episcopum
1259 1665 1334 1727 Du-

385 1765 500 1842 nelmi,
517 1766 553 1828 in
567 1767 685 1848 primis
700 1767 766 1831 toti
780 1787 887 1849 regno
902 1765 1056 1849 praefecit
1071 1765 1094 1829 J
1097 1765 1335 1830 ustitiarcham

385 1871 421 1927 et
440 1867 541 1942 serio,
556 1874 594 1930 ut
609 1868 798 1949 putabatur
812 1887 834 1930 a
848 1867 1021 1950 pluribus3
1047 1887 1174 1930 novum
1195 1867 1337 1948 insuper

385 1965 428 2028 de
451 1974 616 2030 veterano
642 1967 802 2050 episcopo
829 1986 949 2030 creans
975 1967 1133 2030 comitem
1160 1966 1335 2030 Norhum-

385 2066 481 2142 briae,
497 2067 657 2148 exposita
670 2067 736 2130 sibi
747 2076 832 2150 quot
842 2068 953 2132 voluit
965 2075 1157 2131 castrorum
1168 2066 1335 2143 custodia,
1348 2079 1379 2123 15

386 2165 503 2230 decem
523 2168 630 2230 millia
652 2167 757 2231 libras
782 2168 917 2250 argenti
939 2167 981 2230 de
1005 2168 1139 2230 scriniis
1161 2165 1236 2250 ejus
1258 2166 1334 2229 dili-

385 2274 508 2346 genter
522 2267 687 2331 extraxit.
726 2266 897 2331 Gaufrido
911 2267 981 2331 filio
998 2267 1095 2330 Petri
1109 2274 1145 2331 et
1163 2266 1335 2330 Willelmo

387 2367 539 2430 Briwere
554 2374 589 2431 et
604 2367 758 2449 Hugone
773 2368 940 2445 Bardulfi,
956 2368 1113 2432 detracta
1135 2367 1200 2430 sibi
1223 2385 1335 2443 cruce,

385 2467 478 2530 domi
500 2467 618 2531 sedere
637 2469 824 2551 permissis,
839 2469 930 2550 regis
954 2468 1096 2532 aerarius
1117 2475 1218 2541 totas
1232 2467 1335 2530 trium

385 2566 548 2630 collectas
580 2574 650 2630 tres
676 2568 755 2632 illas
787 2589 892 2632 nuces
923 2568 1110 2632 transfudit
1137 2569 1174 2630 in
1203 2567 1334 2631 fiscum.
1348 2578 1380 2624 ao

387 2666 516 2730 Omnes
540 2667 758 2732 vicecomites
785 2669 883 2750 regni
908 2669 976 2732 levi
1002 2669 1221 2733 accusatione
1244 2668 1336 2749 regis

385 2775 555 2831 merentes
570 2767 747 2844 offensam,
763 2768 919 2832 malefica
933 2776 1106 2850 potestate
1120 2768 1259 2850 privati,
1274 2768 1336 2830 vix

385 2867 618 2931 inaestimabili
632 2869 804 2932 mediante
819 2869 977 2950 pecunia,
993 2867 1114 2931 faciem
1130 2867 1205 2952 ejus
1220 2868 1336 2931 videre

385 2969 542 3049 permissi
557 2973 649 3032 sunt.
686 2967 859 3032 Ranulfus
874 2968 916 3031 de
928 2967 1205 3051 Glanwilla,quo
1222 2968 1336 3032 nullus

385 3066 499 3132 fuerat
521 3087 584 3132 suo
610 3075 763 3150 tempore
777 3069 936 3132 disertior
950 3069 1031 3132 dum
1054 3069 1252 3151 praepotuit,
1266 3068 1336 3150 pri-
1349 3075 1380 3118 2⁵

385 3175 488 3231 vatus
508 3167 583 3250 jam
608 3168 720 3232 factus
743 3188 788 3232 ex
809 3169 974 3251 principe,
997 3169 1034 3230 in
1058 3176 1194 3233 tantum
1217 3167 1336 3232 hebuit

385 3287 458 3349 prae
480 3268 609 3345 dolore,
635 3275 676 3332 ut
695 3289 799 3350 gener
820 3269 894 3352 ejus
917 3268 1090 3332 Radulfus
1113 3269 1155 3333 de
1170 3267 1337 3332 Ardenna

386 3367 539 3450 ejusdem
554 3369 623 3432 oris
637 3369 771 3433 ratione
785 3369 986 3452 deperderet
996 3369 1158 3451 quicquid
1175 3369 1245 3431 oris
1262 3368 1337 3451 ejus

381 3466 513 3549 judicio
527 3467 638 3532 fuerat
653 3477 868 3533 consecutus
922 3468 959 3532 Is
975 3471 1090 3545 etiam,
1106 3469 1188 3552 qnia
1199 3469 1337 3532 vetulus

386 3574 461 3631 erat
483 3568 735 3651 impatiensque
758 3569 899 3645 laboriS,
927 3569 957 3630 si
978 3568 1062 3632 illud
1086 3568 1216 3650 aliquid
1233 3569 1337 3651 quod,
1350 3581 1381 3627 ao

386 3666 447 3730 fini
468 3667 573 3745 facto,
594 3678 783 3751 supererat,
799 3670 873 3750 regi
888 3669 970 3732 dare
985 3668 1152 3733 voluisset
1174 3670 1210 3732 in
1233 3670 1336 3732 bene-

386 3767 582 3845 dictionem,
611 3770 740 3832 remitti
773 3770 838 3832 sibi
867 3767 1102 3832 difficultatem
1137 3769 1336 3851 peregrina-

386 3869 489 3931 tionis
505 3868 604 3932 facile
619 3869 811 3932 meruisset.
864 3869 919 3932 De
933 3869 1061 3949 regulis
1071 3869 1287 3932 Walensium
1303 3876 1338 3932 et

414 4151 847 4215 ¹Primusexstiterat.]'l⁷hisstate-
874 4151 1031 4212 Canterbury
1059 4151 1092 4200 ad
1118 4166 1159 4200 an.
1188 4155 1262 4213 1187,
1289 4149 1339 4199 and

385 4229 453 4272 ment
474 4225 496 4272 is
518 4223 655 4284 supported
671 4223 705 4283 by
716 4221 848 4283 viomadi,
876 4221 974 4270 Neubr.
986 4222 1020 4270 iv.
1032 4227 1056 4270 5.

386 4295 425 4344 ch.
444 4294 506 4356 xvii,
521 4294 613 4342 Diceto
628 4292 678 4341 and
694 4293 807 4342 Gervase
824 4291 852 4340 of
