3208 5036
396 495 440 560 38
655 512 841 560 urcnnuos
864 511 1080 560 mvrsruusrs

236 673 546 756 a.1).1191.putabat
574 670 665 753 quod
694 671 841 735 dixerat.
905 668 1152 745 CancellarinS,
1179 666 1244 731 hac
1271 668 1345 731 vice

400 773 564 855 deceptus
578 780 619 836 ut
633 771 747 850 homo,
762 790 899 836 omnem
912 770 971 852 qui
985 789 1101 833 secum
1115 776 1190 832 erat
1203 768 1345 832 militem

401 872 484 938 seoit
497 874 624 937 armari
646 873 830 952 continu03
854 878 889 935 et
911 890 948 934 se
973 871 1149 936 aestimans
1164 889 1182 933 e
1198 869 1346 950 vestigio

404 973 567 1056 subsequi
587 975 746 1038 comitem
769 980 993 1056 praeeuntem,
1014 971 1184 1053 praevenit
1208 990 1286 1034 enm
1309 970 1347 1033 in

403 1075 590 1139 civitatem.
643 1074 773 1156 Rogati
788 1075 887 1139 cives
901 1075 945 1138 ab
968 1092 1021 1150 co,
1035 1073 1118 1155 quia
1132 1090 1245 1136 comes
1259 1091 1346 1135 non·
1377 1089 1392 1132 ⁵

404 1176 485 1240 dum
498 1176 630 1252 aderat,
646 1183 685 1240 ut
699 1175 851 1239 venienti
870 1181 988 1257 portas
1003 1173 1212 1250 clauderent,
1227 1191 1346 1254 respu-

405 1283 517 1353 erunt,
532 1297 609 1340 eum
634 1276 846 1340 turbatorem
869 1283 971 1340 terrae
994 1275 1211 1338 nominantes
1227 1281 1263 1337 et
1276 1280 1348 1336 tra·

405 1377 560 1441 ditorem.
611 1374 900 1458 Archiepiscopus
922 1376 1013 1440 enim
1036 1375 1275 1451 Eboracensis,
1294 1373 1348 1437 su·

405 1484 560 1540 turorum
574 1477 743 1554 cousciuS,
754 1476 835 1539 dum
848 1477 895 1540 ibi
910 1496 971 1558 per
985 1477 1117 1558 aliquot
1130 1475 1203 1539 dies
1218 1495 1349 1539 moram

405 1576 555 1655 fecisset,
567 1584 607 1640 ut
622 1578 754 1641 videret
767 1577 870 1641 finem
884 1576 1029 1659 negocii,
1043 1576 1190 1641 assiduis
1201 1576 1349 1659 querelis
1362 1591 1395 1636 ro

406 1685 442 1742 et
453 1678 611 1760 precibus
624 1686 856 1743 commoverat
869 1697 988 1742 omnes
1001 1679 1038 1741 in
1051 1678 1147 1743 illum
1160 1698 1169 1757 3
1193 1677 1253 1759 qui
1268 1685 1350 1742 tunc

406 1778 516 1861 primo
530 1797 567 1842 se
580 1778 754 1861 proditum
775 1780 926 1844 sentiens
943 1779 1098 1860 confugit
1112 1780 1148 1842 in
1163 1777 1300 1856 Arcem,
1316 1785 1351 1842 θῖ

408 1877 668 1944 Londonienses
695 1880 925 1944 observabant
954 1899 976 1943 a
1005 1888 1098 1944 terra
1125 1887 1161 1943 ct
1184 1879 1283 1957 mari,
1307 1897 1351 1942 ne

406 1978 617 2062 profugeret.
692 1979 828 2059 Comes,
862 1981 1002 2063 cognita
1038 1980 1113 2065 ejus
1149 1979 1244 2062 fuga,
1273 2000 1351 2043 cum

408 2081 517 2162 copiis
536 2081 607 2144 suis
627 2101 705 2144 eum
724 2082 909 2165 insequens
923 2089 1082 2163 receptus
1101 2089 1154 2146 est
1176 2083 1220 2145 ab
1239 2082 1352 2146 oratis
1364 2091 1395 2136 15

408 2181 541 2245 civibus
569 2201 647 2244 cum
677 2182 819 2246 laternis
845 2190 880 2247 et
905 2182 1049 2260 facibus,
1075 2182 1224 2264 quiade
1252 2189 1352 2246 nocte

408 2281 555 2350 venitin
569 2283 707 2363 urbem;
731 2283 884 2366 nihilque
898 2283 1008 2348 defuit
1025 2284 1062 2346 in
1085 2284 1352 2348 salutationibus

409 2381 584 2447 adulantis
608 2384 739 2466 populi,
761 2385 828 2448 nisi
853 2384 938 2449 illud
959 2384 1101 2462 Sithaci,
1124 2383 1234 2448 Chore
1251 2385 1351 2448 Basi-

411 2483 497 2562 leus,
511 2483 576 2547 hoc
590 2491 655 2562 est,
671 2484 806 2563 ‘Salva
821 2505 900 2550 care
914 2485 1051 2550 domine
1063 2486 1083 2550 !'

248 2581 398 2674 gtfflssgffitfffl
462 2584 555 2669 §5st
580 2583 741 2650 Crastino
778 2606 892 2651 comes
925 2596 961 2651 θῖ
986 2587 1138 2651 universi
1173 2593 1353 2669 magnates
1365 2601 1398 2648 ao

249 2684 339 2729 ⁰¹¹¹¹¹⁰¹²²
410 2686 509 2766 regni
538 2695 774 2751 convenerunt
797 2687 834 2750 in
862 2688 1007 2752 ecclesia
1033 2687 1152 2752 Sancti
1176 2688 1290 2765 Pauli,
1318 2695 1354 2752 et

410 2785 530 2850 audita
556 2794 610 2850 est
637 2787 749 2869 prima
778 2788 930 2852 omnium
957 2789 1098 2872 querela
1126 2789 1354 2854 Eboraoensis

410 2887 677 2969 archiepiscopi;
700 2889 898 2971 postillam
924 2889 1094 2954 admissus
1120 2898 1173 2955 est
1199 2890 1353 2975 quisquis
1444 2970 1452 2980 Ι

410 2985 560 3051 habebat
588 2988 717 3071 aliquid
740 2989 777 3052 in
802 3010 891 3055 eum.
943 2991 1119 3056 Summam
1145 3000 1181 3056 et
1208 2991 1353 3073 diligen·

411 3094 482 3151 tem
498 3087 708 3153 audientiam
731 3090 925 3156 habuerunt
946 3099 1164 3158 accusatores
1190 3092 1354 3169 absentis,
1365 3109 1398 3156 2⁵

411 3195 446 3252 θῖ
458 3189 631 3271 praecipue
651 3191 710 3254 ille
731 3191 768 3254 in
783 3194 896 3257 verbis
911 3193 1078 3276 plurimus
1095 3194 1203 3276 Hugo
1219 3192 1354 3257 Coven·

411 3290 536 3355 transis
564 3291 757 3374 episcopus,
792 3295 903 3376 pridie
933 3293 1217 3359 familiarissimus
1254 3293 1353 3379 ejus;

412 3391 484 3473 qui,
508 3390 589 3474 quio
612 3393 763 3473 pessima
781 3395 888 3475 pestis
912 3404 965 3458 est
984 3395 1162 3460 familiaris
1183 3396 1353 3472 inimicus,

412 3490 510 3575 pejus
530 3491 688 3555 omnibus
703 3500 739 3556 θῖ
752 3495 947 3576 perversius
966 3496 1003 3559 in
1022 3496 1225 3561 familiarem
1240 3496 1355 3561 elocu-

413 3599 480 3669 tus,
492 3611 560 3655 non
575 3591 670 3674 prius
685 3593 819 3658 destitit
828 3595 937 3659 donec
950 3595 1119 3662 diceretur
1130 3598 1174 3661 ab
1186 3598 1355 3674 omnibus
1369 3612 1401 3658 ao

415 3690 605 3757 ‘Nolumus
620 3691 711 3757 hunc
726 3713 872 3776 regnare
886 3715 990 3779 super
1004 3699 1092 3763 nos!
1134 3698 1226 3763 Tota
1238 3698 1356 3780 itaque

418 3793 531 3858 concio
546 3794 619 3857 sine
634 3793 706 3858 ulla
719 3794 885 3860 dilatione
898 3799 1152 3864 constituerunt
1160 3799 1184 3863 J
1186 3799 1357 3864 ohannem

421 3895 572 3960 comitem
592 3893 733 3958 fratrem
753 3897 845 3979 regis
869 3915 1039 3964 summum
1063 3909 1230 3965 rectorem
1249 3901 1357 3965 totius

454 4161 484 4244 Ι*
500 4167 586 4233 Huga]
602 4169 719 4220 Giroldus
735 4169 870 4222 Cambren·
894 4176 930 4226 tia
947 4178 1041 4237 pariter
1051 4182 1076 4227 et
1086 4179 1244 4228 anunositate
1260 4180 1359 4240 conspi-

443 4245 475 4282 ΙΙ
482 4236 638 4290 martra
648 4241 698 4290 him
713 4256 742 4291 as
754 4242 809 4291 ‘vir
819 4239 878 4293 elo-'
894 4248 977 4296 onus!
987 4249 1040 4297 vit.
1049 4249 1141 4300 Gaufr.
1148 4249 1270 4310 Archiep.
1280 4250 1357 4300 Ebor.

451 4307 541 4360 Miz
557 4311 686 4377 singularu,
702 4313 740 4362 vir
761 4313 870 4375 pruden·
895 4317 922 4366 ii.
935 4321 959 4366 3.
