<?xml version="1.0" encoding="UTF-8"?>
<!DOCTYPE html PUBLIC "-//W3C//DTD XHTML 1.0 Transitional//EN"
    "http://www.w3.org/TR/xhtml1/DTD/xhtml1-transitional.dtd">
<html xmlns="http://www.w3.org/1999/xhtml" xml:lang="en" lang="en">
 <head>
  <title>
</title>
<meta http-equiv="Content-Type" content="text/html;charset=utf-8" />
  <meta name='ocr-system' content='tesseract 3.04.00' />
  <meta name='ocr-capabilities' content='ocr_page ocr_carea ocr_par ocr_line ocrx_word'/>
</head>
<body>
  <div class='ocr_page' id='page_1' title='image "./chroniconricard00stevgoog_0046.png"; bbox 0 0 3208 5036; ppageno 0'>
   <div class='ocr_carea' id='block_1_1' title="bbox 418 459 1216 524">
    <p class='ocr_par' dir='ltr' id='par_1_1' title="bbox 418 459 1216 524">
     <span class='ocr_line' id='line_1_1' title="bbox 418 459 1216 524; baseline 0.004 -3"><span class='ocrx_word' id='word_1_1' title='bbox 418 475 464 521; x_wconf 86' lang='lat' dir='ltr'><strong>nn</strong></span> <span class='ocrx_word' id='word_1_2' title='bbox 488 474 605 523; x_wconf 81' lang='lat' dir='ltr'><strong>ansus</strong></span> <span class='ocrx_word' id='word_1_3' title='bbox 628 475 751 524; x_wconf 80' lang='lat' dir='ltr'><strong>oneris</strong></span> <span class='ocrx_word' id='word_1_4' title='bbox 776 475 928 524; x_wconf 73' lang='lat' dir='ltr'><strong>morsm</strong></span> <span class='ocrx_word' id='word_1_5' title='bbox 953 469 1072 524; x_wconf 74' lang='lat' dir='ltr'><strong>raim:</strong></span> <span class='ocrx_word' id='word_1_6' title='bbox 1172 459 1216 524; x_wconf 72' lang='grc'><strong>27</strong></span> 
     </span>
    </p>
   </div>
   <div class='ocr_carea' id='block_1_2' title="bbox 266 630 1381 717">
    <p class='ocr_par' dir='ltr' id='par_1_2' title="bbox 266 630 1381 717">
     <span class='ocr_line' id='line_1_2' title="bbox 266 630 1381 717; baseline 0.001 -24"><span class='ocrx_word' id='word_1_7' title='bbox 266 630 358 713; x_wconf 91' lang='lat' dir='ltr'><strong>quod</strong></span> <span class='ocrx_word' id='word_1_8' title='bbox 380 637 614 710; x_wconf 81' lang='lat' dir='ltr'><strong>exstruxerat,</strong></span> <span class='ocrx_word' id='word_1_9' title='bbox 629 639 789 698; x_wconf 83' lang='lat' dir='ltr'><strong>ettotam</strong></span> <span class='ocrx_word' id='word_1_10' title='bbox 810 634 986 699; x_wconf 79' lang='lat' dir='ltr'>materiem</span> <span class='ocrx_word' id='word_1_11' title='bbox 1009 652 1125 698; x_wconf 90' lang='lat' dir='ltr'><strong>secum</strong></span> <span class='ocrx_word' id='word_1_12' title='bbox 1139 653 1218 717; x_wconf 91' lang='lat' dir='ltr'><strong>por-</strong></span> <span class='ocrx_word' id='word_1_13' title='bbox 1231 646 1381 697; x_wconf 62' lang='lat' dir='ltr'><strong>amum.</strong></span> 
     </span>
    </p>
   </div>
   <div class='ocr_carea' id='block_1_3' title="bbox 225 731 1351 1919">
    <p class='ocr_par' dir='ltr' id='par_1_3' title="bbox 225 731 1351 1919">
     <span class='ocr_line' id='line_1_3' title="bbox 269 731 1219 817; baseline 0.004 -23"><span class='ocrx_word' id='word_1_14' title='bbox 269 731 407 795; x_wconf 83' lang='lat' dir='ltr'><strong>tendam</strong></span> <span class='ocrx_word' id='word_1_15' title='bbox 432 732 468 795; x_wconf 92' lang='lat' dir='ltr'><strong>in</strong></span> <span class='ocrx_word' id='word_1_16' title='bbox 490 734 636 797; x_wconf 90' lang='lat' dir='ltr'><strong>navibus</strong></span> <span class='ocrx_word' id='word_1_17' title='bbox 658 734 730 797; x_wconf 90' lang='lat' dir='ltr'><strong>suis</strong></span> <span class='ocrx_word' id='word_1_18' title='bbox 754 735 918 816; x_wconf 83' lang='lat' dir='ltr'><strong>reposuit.</strong></span> <span class='ocrx_word' id='word_1_19' title='bbox 973 733 1084 798; x_wconf 83' lang='lat' dir='ltr'><strong>Omne</strong></span> <span class='ocrx_word' id='word_1_20' title='bbox 1109 753 1219 817; x_wconf 85' lang='lat' dir='ltr'><strong>genus</strong></span> 
     </span>
     <span class='ocr_line' id='line_1_4' title="bbox 268 832 1218 917; baseline 0.005 -23"><span class='ocrx_word' id='word_1_21' title='bbox 268 832 500 896; x_wconf 89' lang='lat' dir='ltr'><strong>machinarum</strong></span> <span class='ocrx_word' id='word_1_22' title='bbox 521 832 565 897; x_wconf 90' lang='lat' dir='ltr'><strong>ad</strong></span> <span class='ocrx_word' id='word_1_23' title='bbox 587 835 839 917; x_wconf 89' lang='lat' dir='ltr'><strong>expugnandas</strong></span> <span class='ocrx_word' id='word_1_24' title='bbox 858 835 1079 912; x_wconf 90' lang='lat' dir='ltr'><strong>munitiones,</strong></span> <span class='ocrx_word' id='word_1_25' title='bbox 1096 841 1131 899; x_wconf 93' lang='lat' dir='ltr'><strong>et</strong></span> <span class='ocrx_word' id='word_1_26' title='bbox 1145 855 1218 898; x_wconf 89' lang='lat' dir='ltr'><strong>om-</strong></span> 
     </span>
     <span class='ocr_line' id='line_1_5' title="bbox 269 935 1219 1018; baseline 0.004 -23"><span class='ocrx_word' id='word_1_27' title='bbox 269 952 312 995; x_wconf 90' lang='lat' dir='ltr'><strong>ne</strong></span> <span class='ocrx_word' id='word_1_28' title='bbox 325 953 434 1014; x_wconf 89' lang='lat' dir='ltr'><strong>genus</strong></span> <span class='ocrx_word' id='word_1_29' title='bbox 451 952 635 1012; x_wconf 86' lang='lat' dir='ltr'><strong>armorum,</strong></span> <span class='ocrx_word' id='word_1_30' title='bbox 645 935 737 1017; x_wconf 90' lang='lat' dir='ltr'><strong>quod</strong></span> <span class='ocrx_word' id='word_1_31' title='bbox 754 955 813 999; x_wconf 91' lang='lat' dir='ltr'><strong>cor</strong></span> <span class='ocrx_word' id='word_1_32' title='bbox 823 935 971 999; x_wconf 90' lang='lat' dir='ltr'><strong>hominis</strong></span> <span class='ocrx_word' id='word_1_33' title='bbox 984 936 1099 1018; x_wconf 85' lang='lat' dir='ltr'><strong>potuit</strong></span> <span class='ocrx_word' id='word_1_34' title='bbox 1114 955 1219 999; x_wconf 87' lang='lat' dir='ltr'><strong>exco-</strong></span> 
     </span>
     <span class='ocr_line' id='line_1_6' title="bbox 239 1033 1219 1120; baseline -0.002 -20"><span class='ocrx_word' id='word_1_35' title='bbox 239 1033 392 1115; x_wconf 84' lang='lat' dir='ltr'><strong>sgitare,</strong></span> <span class='ocrx_word' id='word_1_36' title='bbox 407 1041 535 1116; x_wconf 85' lang='lat' dir='ltr'><strong>praesto</strong></span> <span class='ocrx_word' id='word_1_37' title='bbox 546 1035 621 1120; x_wconf 88' lang='lat' dir='ltr'><strong>jam</strong></span> <span class='ocrx_word' id='word_1_38' title='bbox 632 1035 782 1100; x_wconf 91' lang='lat' dir='ltr'><strong>habebat</strong></span> <span class='ocrx_word' id='word_1_39' title='bbox 794 1037 831 1099; x_wconf 92' lang='lat' dir='ltr'><strong>in</strong></span> <span class='ocrx_word' id='word_1_40' title='bbox 847 1036 1005 1100; x_wconf 88' lang='lat' dir='ltr'><strong>navibus.</strong></span> <span class='ocrx_word' id='word_1_41' title='bbox 1042 1034 1219 1099; x_wconf 88' lang='lat' dir='ltr'><strong>Robertus</strong></span> 
     </span>
     <span class='ocr_line' id='line_1_7' title="bbox 270 1133 1219 1219; baseline 0.002 -23"><span class='ocrx_word' id='word_1_42' title='bbox 270 1133 359 1196; x_wconf 91' lang='lat' dir='ltr'><strong>filius</strong></span> <span class='ocrx_word' id='word_1_43' title='bbox 383 1133 550 1198; x_wconf 89' lang='lat' dir='ltr'><strong>Willelmi</strong></span> <span class='ocrx_word' id='word_1_44' title='bbox 574 1134 636 1198; x_wconf 91' lang='lat' dir='ltr'><strong>filii</strong></span> <span class='ocrx_word' id='word_1_45' title='bbox 664 1135 842 1219; x_wconf 87' lang='lat' dir='ltr'><strong>Radulphi</strong></span> <span class='ocrx_word' id='word_1_46' title='bbox 862 1143 1083 1200; x_wconf 87' lang='lat' dir='ltr'><strong>consecratus</strong></span> <span class='ocrx_word' id='word_1_47' title='bbox 1106 1143 1161 1200; x_wconf 87' lang='lat' dir='ltr'><strong>est</strong></span> <span class='ocrx_word' id='word_1_48' title='bbox 1182 1137 1219 1199; x_wconf 89' lang='lat' dir='ltr'><strong>in</strong></span> 
     </span>
     <span class='ocr_line' id='line_1_8' title="bbox 271 1233 1219 1318; baseline 0.003 -21"><span class='ocrx_word' id='word_1_49' title='bbox 271 1234 507 1317; x_wconf 89' lang='lat' dir='ltr'><strong>episcopatum</strong></span> <span class='ocrx_word' id='word_1_50' title='bbox 536 1233 728 1317; x_wconf 86' lang='lat' dir='ltr'><strong>Wigomiae</strong></span> <span class='ocrx_word' id='word_1_51' title='bbox 764 1253 786 1299; x_wconf 92' lang='lat' dir='ltr'><strong>a</strong></span> <span class='ocrx_word' id='word_1_52' title='bbox 814 1235 990 1300; x_wconf 92' lang='lat' dir='ltr'><strong>Willelmo</strong></span> <span class='ocrx_word' id='word_1_53' title='bbox 1023 1235 1066 1299; x_wconf 91' lang='lat' dir='ltr'><strong>de</strong></span> <span class='ocrx_word' id='word_1_54' title='bbox 1096 1236 1219 1318; x_wconf 91' lang='lat' dir='ltr'><strong>Longo</strong></span> 
     </span>
     <span class='ocr_line' id='line_1_9' title="bbox 272 1333 1219 1418; baseline 0.002 -20"><span class='ocrx_word' id='word_1_55' title='bbox 272 1333 403 1417; x_wconf 87' lang='lat' dir='ltr'><strong>Campo</strong></span> <span class='ocrx_word' id='word_1_56' title='bbox 434 1334 546 1398; x_wconf 90' lang='lat' dir='ltr'><strong>adhuc</strong></span> <span class='ocrx_word' id='word_1_57' title='bbox 577 1335 705 1418; x_wconf 88' lang='lat' dir='ltr'><strong>legato,</strong></span> <span class='ocrx_word' id='word_1_58' title='bbox 734 1336 826 1418; x_wconf 91' lang='lat' dir='ltr'><strong>apud</strong></span> <span class='ocrx_word' id='word_1_59' title='bbox 857 1334 1093 1414; x_wconf 78' lang='lat' dir='ltr'><strong>cantuariam,</strong></span> <span class='ocrx_word' id='word_1_60' title='bbox 1116 1337 1219 1400; x_wconf 85' lang='lat' dir='ltr'><strong>tertio</strong></span> 
     </span>
     <span class='ocr_line' id='line_1_10' title="bbox 271 1433 1219 1518; baseline 0.001 -21"><span class='ocrx_word' id='word_1_61' title='bbox 271 1453 381 1498; x_wconf 91' lang='lat' dir='ltr'><strong>nonas</strong></span> <span class='ocrx_word' id='word_1_62' title='bbox 404 1433 492 1498; x_wconf 90' lang='lat' dir='ltr'><strong>Maii</strong></span> <span class='ocrx_word' id='word_1_63' title='bbox 517 1433 620 1518; x_wconf 86' lang='lat' dir='ltr'><strong>[Mai.</strong></span> <span class='ocrx_word' id='word_1_64' title='bbox 637 1436 687 1517; x_wconf 83' lang='lat'><strong>5].</strong></span> <span class='ocrx_word' id='word_1_65' title='bbox 735 1434 936 1500; x_wconf 83' lang='lat' dir='ltr'><strong>Conventus</strong></span> <span class='ocrx_word' id='word_1_66' title='bbox 959 1435 1219 1501; x_wconf 87' lang='lat' dir='ltr'><strong>Cantuariensis</strong></span> 
     </span>
     <span class='ocr_line' id='line_1_11' title="bbox 225 1535 1220 1618; baseline 0.004 -24"><span class='ocrx_word' id='word_1_67' title='bbox 225 1549 257 1594; x_wconf 88' lang='grc' dir='ltr'><strong>ιο</strong></span> <span class='ocrx_word' id='word_1_68' title='bbox 271 1535 430 1617; x_wconf 88' lang='lat' dir='ltr'><strong>deposuit</strong></span> <span class='ocrx_word' id='word_1_69' title='bbox 480 1536 628 1618; x_wconf 87' lang='lat' dir='ltr'><strong>priorem</strong></span> <span class='ocrx_word' id='word_1_70' title='bbox 680 1555 792 1613; x_wconf 91' lang='lat' dir='ltr'><strong>suum,</strong></span> <span class='ocrx_word' id='word_1_71' title='bbox 841 1555 944 1618; x_wconf 92' lang='lat' dir='ltr'><strong>quem</strong></span> <span class='ocrx_word' id='word_1_72' title='bbox 998 1536 1220 1600; x_wconf 87' lang='lat' dir='ltr'><strong>Baldovvinus</strong></span> 
     </span>
     <span class='ocr_line' id='line_1_12' title="bbox 271 1635 1221 1719; baseline 0 -20"><span class='ocrx_word' id='word_1_73' title='bbox 271 1635 547 1718; x_wconf 85' lang='lat' dir='ltr'><strong>archiepiscopus</strong></span> <span class='ocrx_word' id='word_1_74' title='bbox 582 1637 631 1700; x_wconf 88' lang='lat' dir='ltr'><strong>eis</strong></span> <span class='ocrx_word' id='word_1_75' title='bbox 663 1635 878 1719; x_wconf 86' lang='lat' dir='ltr'><strong>praesecerat,</strong></span> <span class='ocrx_word' id='word_1_76' title='bbox 908 1644 942 1700; x_wconf 91' lang='lat' dir='ltr'><strong>et</strong></span> <span class='ocrx_word' id='word_1_77' title='bbox 971 1636 1117 1701; x_wconf 88' lang='lat' dir='ltr'><strong>alterum</strong></span> <span class='ocrx_word' id='word_1_78' title='bbox 1145 1636 1221 1700; x_wconf 90' lang='lat' dir='ltr'><strong>loco</strong></span> 
     </span>
     <span class='ocr_line' id='line_1_13' title="bbox 272 1735 622 1818; baseline 0.003 -20"><span class='ocrx_word' id='word_1_79' title='bbox 272 1735 419 1818; x_wconf 83' lang='lat' dir='ltr'><strong>depositi</strong></span> <span class='ocrx_word' id='word_1_80' title='bbox 433 1737 622 1801; x_wconf 90' lang='lat' dir='ltr'><strong>substituit.</strong></span> 
     </span>
     <span class='ocr_line' id='line_1_14' title="bbox 323 1834 1351 1919; baseline -0.005 -19"><span class='ocrx_word' id='word_1_81' title='bbox 323 1836 340 1919; x_wconf 83' lang='lat'><strong>§</strong></span> <span class='ocrx_word' id='word_1_82' title='bbox 354 1835 409 1900; x_wconf 83' lang='lat'><strong>33.</strong></span> <span class='ocrx_word' id='word_1_83' title='bbox 420 1835 598 1902; x_wconf 90' lang='lat' dir='ltr'><strong>Walterus</strong></span> <span class='ocrx_word' id='word_1_84' title='bbox 614 1834 890 1918; x_wconf 85' lang='lat' dir='ltr'><strong>archiepiscopus</strong></span> <span class='ocrx_word' id='word_1_85' title='bbox 900 1835 1113 1918; x_wconf 90' lang='lat' dir='ltr'><strong>Rothomagi</strong></span> <span class='ocrx_word' id='word_1_86' title='bbox 1127 1835 1221 1917; x_wconf 89' lang='lat' dir='ltr'><strong>quia,</strong></span> <span class='ocrx_word' id='word_1_87' title='bbox 1234 1855 1281 1896; x_wconf 67' lang='lat' dir='ltr'><strong>me</strong></span> <span class='ocrx_word' id='word_1_88' title='bbox 1292 1857 1351 1896; x_wconf 56' lang='lat'><strong>„011-</strong></span> 
     </span>
    </p>
   </div>
   <div class='ocr_carea' id='block_1_4' title="bbox 272 1907 1358 2018">
    <p class='ocr_par' dir='ltr' id='par_1_4' title="bbox 272 1907 1358 2018">
     <span class='ocr_line' id='line_1_15' title="bbox 272 1907 1358 2018; baseline -0.005 -18"><span class='ocrx_word' id='word_1_89' title='bbox 272 1943 312 2000; x_wconf 88' lang='lat' dir='ltr'><strong>ut</strong></span> <span class='ocrx_word' id='word_1_90' title='bbox 337 1936 537 2001; x_wconf 87' lang='lat' dir='ltr'><strong>clericorum</strong></span> <span class='ocrx_word' id='word_1_91' title='bbox 561 1944 625 2014; x_wconf 90' lang='lat' dir='ltr'><strong>est,</strong></span> <span class='ocrx_word' id='word_1_92' title='bbox 648 1936 877 2018; x_wconf 85' lang='lat' dir='ltr'><strong>pusillanimis</strong></span> <span class='ocrx_word' id='word_1_93' title='bbox 900 1944 976 2001; x_wconf 90' lang='lat' dir='ltr'><strong>erat</strong></span> <span class='ocrx_word' id='word_1_94' title='bbox 1003 1943 1039 2000; x_wconf 86' lang='lat' dir='ltr'><strong>et</strong></span> <span class='ocrx_word' id='word_1_95' title='bbox 1061 1936 1220 2018; x_wconf 86' lang='lat' dir='ltr'><strong>pavidus,</strong></span> <span class='ocrx_word' id='word_1_96' title='bbox 1233 1907 1358 1996; x_wconf 33' lang='lat' dir='ltr'><strong>iiiiii&amp;</strong></span> 
     </span>
    </p>
   </div>
   <div class='ocr_carea' id='block_1_5' title="bbox 204 2007 1353 4223">
    <p class='ocr_par' dir='ltr' id='par_1_5' title="bbox 228 2007 1353 2520">
     <span class='ocr_line' id='line_1_16' title="bbox 228 2007 1353 2120; baseline -0.007 -16"><span class='ocrx_word' id='word_1_97' title='bbox 228 2060 259 2104; x_wconf 84' lang='lat'><strong>15</strong></span> <span class='ocrx_word' id='word_1_98' title='bbox 273 2036 424 2101; x_wconf 89' lang='lat' dir='ltr'><strong>salutata</strong></span> <span class='ocrx_word' id='word_1_99' title='bbox 435 2057 457 2100; x_wconf 92' lang='lat' dir='ltr'><strong>a</strong></span> <span class='ocrx_word' id='word_1_100' title='bbox 467 2038 571 2119; x_wconf 90' lang='lat' dir='ltr'><strong>longe</strong></span> <span class='ocrx_word' id='word_1_101' title='bbox 581 2037 839 2120; x_wconf 90' lang='lat' dir='ltr'><strong>Hierosolyma,</strong></span> <span class='ocrx_word' id='word_1_102' title='bbox 850 2057 986 2101; x_wconf 90' lang='lat' dir='ltr'><strong>omnem</strong></span> <span class='ocrx_word' id='word_1_103' title='bbox 996 2057 1066 2100; x_wconf 91' lang='lat' dir='ltr'><strong>non</strong></span> <span class='ocrx_word' id='word_1_104' title='bbox 1078 2043 1220 2118; x_wconf 91' lang='lat' dir='ltr'><strong>rogatus</strong></span> <span class='ocrx_word' id='word_1_105' title='bbox 1233 2007 1353 2108; x_wconf 40' lang='lat' dir='ltr'><strong>iiiiii?</strong></span> 
     </span>
     <span class='ocr_line' id='line_1_17' title="bbox 273 2136 1221 2219; baseline -0.001 -20"><span class='ocrx_word' id='word_1_106' title='bbox 273 2137 404 2201; x_wconf 89' lang='lat' dir='ltr'><strong>remisit</strong></span> <span class='ocrx_word' id='word_1_107' title='bbox 427 2157 510 2219; x_wconf 85' lang='lat' dir='ltr'><strong>erga</strong></span> <span class='ocrx_word' id='word_1_108' title='bbox 531 2136 779 2200; x_wconf 89' lang='lat' dir='ltr'><strong>Salahadinum</strong></span> <span class='ocrx_word' id='word_1_109' title='bbox 792 2137 1076 2219; x_wconf 85' lang='lat' dir='ltr'><strong>indignationem,</strong></span> <span class='ocrx_word' id='word_1_110' title='bbox 1092 2142 1127 2199; x_wconf 91' lang='lat' dir='ltr'><strong>et</strong></span> <span class='ocrx_word' id='word_1_111' title='bbox 1147 2137 1221 2217; x_wconf 89' lang='lat' dir='ltr'><strong>regi</strong></span> 
     </span>
     <span class='ocr_line' id='line_1_18' title="bbox 273 2236 1221 2321; baseline -0.002 -20"><span class='ocrx_word' id='word_1_112' title='bbox 273 2257 336 2319; x_wconf 87' lang='lat' dir='ltr'><strong>pro</strong></span> <span class='ocrx_word' id='word_1_113' title='bbox 361 2256 403 2301; x_wconf 86' lang='lat' dir='ltr'><strong>eo</strong></span> <span class='ocrx_word' id='word_1_114' title='bbox 425 2244 622 2321; x_wconf 85' lang='lat' dir='ltr'><strong>pugnaturo</strong></span> <span class='ocrx_word' id='word_1_115' title='bbox 644 2237 808 2320; x_wconf 87' lang='lat' dir='ltr'><strong>quioquid</strong></span> <span class='ocrx_word' id='word_1_116' title='bbox 829 2238 949 2302; x_wconf 89' lang='lat' dir='ltr'><strong>viatici</strong></span> <span class='ocrx_word' id='word_1_117' title='bbox 970 2236 1135 2300; x_wconf 90' lang='lat' dir='ltr'><strong>attulerat</strong></span> <span class='ocrx_word' id='word_1_118' title='bbox 1160 2236 1221 2299; x_wconf 88' lang='lat' dir='ltr'><strong>du·</strong></span> 
     </span>
     <span class='ocr_line' id='line_1_19' title="bbox 274 2335 1224 2421; baseline -0.001 -22"><span class='ocrx_word' id='word_1_119' title='bbox 274 2338 371 2402; x_wconf 91' lang='lat' dir='ltr'><strong>navit</strong></span> <span class='ocrx_word' id='word_1_120' title='bbox 393 2345 430 2402; x_wconf 87' lang='lat' dir='ltr'><strong>et</strong></span> <span class='ocrx_word' id='word_1_121' title='bbox 451 2358 598 2417; x_wconf 87' lang='lat' dir='ltr'><strong>crucem,</strong></span> <span class='ocrx_word' id='word_1_122' title='bbox 613 2338 831 2421; x_wconf 86' lang='lat' dir='ltr'><strong>praetendens</strong></span> <span class='ocrx_word' id='word_1_123' title='bbox 852 2338 993 2420; x_wconf 88' lang='lat' dir='ltr'><strong>pudoris</strong></span> <span class='ocrx_word' id='word_1_124' title='bbox 1018 2335 1144 2400; x_wconf 91' lang='lat' dir='ltr'><strong>oblitus</strong></span> <span class='ocrx_word' id='word_1_125' title='bbox 1162 2336 1224 2399; x_wconf 92' lang='lat' dir='ltr'><strong>illa</strong></span> 
     </span>
     <span class='ocr_line' id='line_1_20' title="bbox 274 2436 1222 2520; baseline 0 -20"><span class='ocrx_word' id='word_1_126' title='bbox 274 2457 377 2520; x_wconf 92' lang='lat' dir='ltr'><strong>quam</strong></span> <span class='ocrx_word' id='word_1_127' title='bbox 391 2439 583 2503; x_wconf 87' lang='lat' dir='ltr'><strong>miserrima</strong></span> <span class='ocrx_word' id='word_1_128' title='bbox 606 2444 755 2502; x_wconf 90' lang='lat' dir='ltr'><strong>matrum</strong></span> <span class='ocrx_word' id='word_1_129' title='bbox 771 2437 959 2503; x_wconf 88' lang='lat' dir='ltr'><strong>diffidentia</strong></span> <span class='ocrx_word' id='word_1_130' title='bbox 973 2437 1106 2520; x_wconf 87' lang='lat' dir='ltr'><strong>peperit</strong></span> <span class='ocrx_word' id='word_1_131' title='bbox 1117 2436 1222 2500; x_wconf 87' lang='lat' dir='ltr'><strong>devo·</strong></span> 
     </span>
    </p>

    <p class='ocr_par' dir='ltr' id='par_1_6' title="bbox 228 2537 1224 3025">
     <span class='ocr_line' id='line_1_21' title="bbox 228 2537 1223 2621; baseline -0.008 -13"><span class='ocrx_word' id='word_1_132' title='bbox 228 2562 262 2608; x_wconf 78' lang='lat' dir='ltr'><strong>ao</strong></span> <span class='ocrx_word' id='word_1_133' title='bbox 275 2540 387 2619; x_wconf 83' lang='lat' dir='ltr'><strong>tione3</strong></span> <span class='ocrx_word' id='word_1_134' title='bbox 415 2540 557 2616; x_wconf 86' lang='lat' dir='ltr'><strong>scilicet,</strong></span> <span class='ocrx_word' id='word_1_135' title='bbox 583 2546 741 2621; x_wconf 88' lang='lat' dir='ltr'><strong>pastores</strong></span> <span class='ocrx_word' id='word_1_136' title='bbox 771 2538 925 2602; x_wconf 88' lang='lat' dir='ltr'><strong>ecclesiae</strong></span> <span class='ocrx_word' id='word_1_137' title='bbox 952 2537 1075 2602; x_wconf 89' lang='lat' dir='ltr'><strong>debere</strong></span> <span class='ocrx_word' id='word_1_138' title='bbox 1107 2537 1223 2619; x_wconf 85' lang='lat' dir='ltr'><strong>potius</strong></span> 
     </span>
     <span class='ocr_line' id='line_1_22' title="bbox 274 2638 1222 2722; baseline -0.001 -22"><span class='ocrx_word' id='word_1_139' title='bbox 274 2639 461 2720; x_wconf 77' lang='lat' dir='ltr'><strong>praedicare</strong></span> <span class='ocrx_word' id='word_1_140' title='bbox 496 2658 600 2722; x_wconf 91' lang='lat' dir='ltr'><strong>quam</strong></span> <span class='ocrx_word' id='word_1_141' title='bbox 631 2638 797 2721; x_wconf 86' lang='lat' dir='ltr'><strong>proeliari,</strong></span> <span class='ocrx_word' id='word_1_142' title='bbox 837 2659 907 2703; x_wconf 91' lang='lat' dir='ltr'><strong>non</strong></span> <span class='ocrx_word' id='word_1_143' title='bbox 935 2638 1055 2702; x_wconf 86' lang='lat' dir='ltr'><strong>decere</strong></span> <span class='ocrx_word' id='word_1_144' title='bbox 1091 2638 1222 2720; x_wconf 89' lang='lat' dir='ltr'><strong>episco-</strong></span> 
     </span>
     <span class='ocr_line' id='line_1_23' title="bbox 274 2737 1223 2822; baseline -0.003 -20"><span class='ocrx_word' id='word_1_145' title='bbox 274 2759 356 2820; x_wconf 93' lang='lat' dir='ltr'><strong>pum</strong></span> <span class='ocrx_word' id='word_1_146' title='bbox 382 2759 479 2802; x_wconf 92' lang='lat' dir='ltr'><strong>arma</strong></span> <span class='ocrx_word' id='word_1_147' title='bbox 506 2747 645 2822; x_wconf 88' lang='lat' dir='ltr'><strong>portare</strong></span> <span class='ocrx_word' id='word_1_148' title='bbox 671 2740 738 2802; x_wconf 91' lang='lat' dir='ltr'><strong>nisi</strong></span> <span class='ocrx_word' id='word_1_149' title='bbox 761 2739 938 2804; x_wconf 85' lang='lat' dir='ltr'><strong>virtutum.</strong></span> <span class='ocrx_word' id='word_1_150' title='bbox 992 2737 1072 2802; x_wconf 88' lang='lat' dir='ltr'><strong>Rex</strong></span> <span class='ocrx_word' id='word_1_151' title='bbox 1095 2745 1223 2814; x_wconf 89' lang='lat' dir='ltr'><strong>autem,</strong></span> 
     </span>
     <span class='ocr_line' id='line_1_24' title="bbox 275 2839 1223 2922; baseline -0.003 -20"><span class='ocrx_word' id='word_1_152' title='bbox 275 2840 329 2902; x_wconf 92' lang='lat' dir='ltr'><strong>cui</strong></span> <span class='ocrx_word' id='word_1_153' title='bbox 345 2841 558 2904; x_wconf 87' lang='lat' dir='ltr'><strong>necessarior</strong></span> <span class='ocrx_word' id='word_1_154' title='bbox 573 2841 650 2905; x_wconf 91' lang='lat' dir='ltr'><strong>visa</strong></span> <span class='ocrx_word' id='word_1_155' title='bbox 671 2847 725 2904; x_wconf 88' lang='lat' dir='ltr'><strong>est</strong></span> <span class='ocrx_word' id='word_1_156' title='bbox 746 2841 892 2922; x_wconf 89' lang='lat' dir='ltr'><strong>pecunia</strong></span> <span class='ocrx_word' id='word_1_157' title='bbox 913 2839 1005 2904; x_wconf 90' lang='lat' dir='ltr'><strong>illius</strong></span> <span class='ocrx_word' id='word_1_158' title='bbox 1028 2856 1132 2920; x_wconf 92' lang='lat' dir='ltr'><strong>quam</strong></span> <span class='ocrx_word' id='word_1_159' title='bbox 1145 2857 1223 2919; x_wconf 87' lang='lat' dir='ltr'><strong>per-</strong></span> 
     </span>
     <span class='ocr_line' id='line_1_25' title="bbox 274 2937 1224 3025; baseline -0.003 -22"><span class='ocrx_word' id='word_1_160' title='bbox 274 2957 369 3003; x_wconf 85' lang='lat' dir='ltr'><strong>sonae</strong></span> <span class='ocrx_word' id='word_1_161' title='bbox 399 2941 595 3025; x_wconf 87' lang='lat' dir='ltr'><strong>praesentia,</strong></span> <span class='ocrx_word' id='word_1_162' title='bbox 624 2940 863 3022; x_wconf 82' lang='lat' dir='ltr'><strong>allegationes,</strong></span> <span class='ocrx_word' id='word_1_163' title='bbox 890 2958 932 3003; x_wconf 90' lang='lat' dir='ltr'><strong>ac</strong></span> <span class='ocrx_word' id='word_1_164' title='bbox 959 2939 989 3002; x_wconf 91' lang='lat' dir='ltr'><strong>si</strong></span> <span class='ocrx_word' id='word_1_165' title='bbox 1012 2939 1095 3002; x_wconf 89' lang='lat' dir='ltr'><strong>viva</strong></span> <span class='ocrx_word' id='word_1_166' title='bbox 1122 2937 1224 3000; x_wconf 90' lang='lat' dir='ltr'><strong>nimis</strong></span> 
     </span>
    </p>

    <p class='ocr_par' dir='ltr' id='par_1_7' title="bbox 229 3039 1224 3419">
     <span class='ocr_line' id='line_1_26' title="bbox 229 3039 1224 3123; baseline -0.005 -17"><span class='ocrx_word' id='word_1_167' title='bbox 229 3062 262 3106; x_wconf 81' lang='lat' dir='ltr'><strong>as</strong></span> <span class='ocrx_word' id='word_1_168' title='bbox 275 3042 408 3106; x_wconf 89' lang='lat' dir='ltr'><strong>ratione</strong></span> <span class='ocrx_word' id='word_1_169' title='bbox 425 3042 592 3118; x_wconf 81' lang='lat' dir='ltr'><strong>devictuS,</strong></span> <span class='ocrx_word' id='word_1_170' title='bbox 616 3041 834 3123; x_wconf 87' lang='lat' dir='ltr'><strong>approbavit,</strong></span> <span class='ocrx_word' id='word_1_171' title='bbox 849 3047 884 3103; x_wconf 92' lang='lat' dir='ltr'><strong>et</strong></span> <span class='ocrx_word' id='word_1_172' title='bbox 897 3039 1096 3122; x_wconf 88' lang='lat' dir='ltr'><strong>expeditum</strong></span> <span class='ocrx_word' id='word_1_173' title='bbox 1114 3045 1224 3101; x_wconf 89' lang='lat' dir='ltr'><strong>retro-</strong></span> 
     </span>
     <span class='ocr_line' id='line_1_27' title="bbox 275 3136 1224 3221; baseline -0.002 -18"><span class='ocrx_word' id='word_1_174' title='bbox 275 3141 368 3204; x_wconf 88' lang='lat' dir='ltr'><strong>misit</strong></span> <span class='ocrx_word' id='word_1_175' title='bbox 389 3162 467 3204; x_wconf 89' lang='lat' dir='ltr'><strong>eum</strong></span> <span class='ocrx_word' id='word_1_176' title='bbox 490 3141 600 3205; x_wconf 89' lang='lat' dir='ltr'><strong>literis</strong></span> <span class='ocrx_word' id='word_1_177' title='bbox 624 3143 695 3204; x_wconf 90' lang='lat' dir='ltr'><strong>suis</strong></span> <span class='ocrx_word' id='word_1_178' title='bbox 718 3142 755 3203; x_wconf 92' lang='lat' dir='ltr'><strong>in</strong></span> <span class='ocrx_word' id='word_1_179' title='bbox 770 3138 934 3221; x_wconf 87' lang='lat' dir='ltr'><strong>Angliam</strong></span> <span class='ocrx_word' id='word_1_180' title='bbox 951 3138 994 3201; x_wconf 89' lang='lat' dir='ltr'><strong>ad</strong></span> <span class='ocrx_word' id='word_1_181' title='bbox 1011 3136 1224 3203; x_wconf 90' lang='lat' dir='ltr'><strong>Willelmum</strong></span> 
     </span>
     <span class='ocr_line' id='line_1_28' title="bbox 277 3238 1223 3320; baseline 0 -18"><span class='ocrx_word' id='word_1_182' title='bbox 277 3238 542 3319; x_wconf 86' lang='lat' dir='ltr'><strong>Cancellarium,</strong></span> <span class='ocrx_word' id='word_1_183' title='bbox 553 3241 595 3304; x_wconf 88' lang='lat' dir='ltr'><strong>de</strong></span> <span class='ocrx_word' id='word_1_184' title='bbox 606 3240 689 3304; x_wconf 84' lang='lat' dir='ltr'><strong>fisco</strong></span> <span class='ocrx_word' id='word_1_185' title='bbox 701 3242 765 3304; x_wconf 90' lang='lat' dir='ltr'><strong>sub</strong></span> <span class='ocrx_word' id='word_1_186' title='bbox 776 3247 870 3304; x_wconf 85' lang='lat' dir='ltr'><strong>certo</strong></span> <span class='ocrx_word' id='word_1_187' title='bbox 882 3240 1057 3303; x_wconf 90' lang='lat' dir='ltr'><strong>hominum</strong></span> <span class='ocrx_word' id='word_1_188' title='bbox 1071 3246 1106 3303; x_wconf 92' lang='lat' dir='ltr'><strong>et</strong></span> <span class='ocrx_word' id='word_1_189' title='bbox 1117 3258 1223 3320; x_wconf 89' lang='lat' dir='ltr'><strong>equo-</strong></span> 
     </span>
     <span class='ocr_line' id='line_1_29' title="bbox 275 3337 1224 3419; baseline -0.001 -17"><span class='ocrx_word' id='word_1_190' title='bbox 275 3360 351 3402; x_wconf 89' lang='lat' dir='ltr'><strong>rum</strong></span> <span class='ocrx_word' id='word_1_191' title='bbox 380 3361 522 3405; x_wconf 89' lang='lat' dir='ltr'><strong>numero</strong></span> <span class='ocrx_word' id='word_1_192' title='bbox 549 3340 778 3406; x_wconf 88' lang='lat' dir='ltr'><strong>exhibendum</strong></span> <span class='ocrx_word' id='word_1_193' title='bbox 800 3339 968 3419; x_wconf 82' lang='lat' dir='ltr'><strong>trienni03</strong></span> <span class='ocrx_word' id='word_1_194' title='bbox 998 3337 1064 3402; x_wconf 90' lang='lat' dir='ltr'><strong>hoc</strong></span> <span class='ocrx_word' id='word_1_195' title='bbox 1090 3339 1128 3401; x_wconf 90' lang='lat' dir='ltr'><strong>in</strong></span> <span class='ocrx_word' id='word_1_196' title='bbox 1156 3338 1224 3402; x_wconf 87' lang='lat' dir='ltr'><strong>fine</strong></span> 
     </span>
    </p>

    <p class='ocr_par' dir='ltr' id='par_1_8' title="bbox 204 3438 1239 4223">
     <span class='ocr_line' id='line_1_30' title="bbox 204 3438 1239 3524; baseline -0.002 -21"><span class='ocrx_word' id='word_1_197' title='bbox 204 3515 210 3521; x_wconf 86' lang='lat'>.</span> <span class='ocrx_word' id='word_1_198' title='bbox 275 3439 453 3504; x_wconf 87' lang='lat' dir='ltr'><strong>literarum</strong></span> <span class='ocrx_word' id='word_1_199' title='bbox 474 3441 591 3506; x_wconf 87' lang='lat' dir='ltr'><strong>addito</strong></span> <span class='ocrx_word' id='word_1_200' title='bbox 609 3460 672 3524; x_wconf 90' lang='lat' dir='ltr'><strong>pro</strong></span> <span class='ocrx_word' id='word_1_201' title='bbox 686 3440 816 3504; x_wconf 89' lang='lat' dir='ltr'><strong>honore</strong></span> <span class='ocrx_word' id='word_1_202' title='bbox 839 3448 875 3505; x_wconf 87' lang='lat' dir='ltr'><strong>et</strong></span> <span class='ocrx_word' id='word_1_203' title='bbox 896 3445 1061 3524; x_wconf 88' lang='lat' dir='ltr'><strong>prototo,</strong></span> <span class='ocrx_word' id='word_1_204' title='bbox 1076 3446 1116 3503; x_wconf 93' lang='lat' dir='ltr'><strong>ut</strong></span> <span class='ocrx_word' id='word_1_205' title='bbox 1131 3438 1239 3514; x_wconf 77' lang='lat' dir='ltr'><strong>Can-¹</strong></span> 
     </span>
     <span class='ocr_line' id='line_1_31' title="bbox 230 3535 1223 3625; baseline 0 -21"><span class='ocrx_word' id='word_1_206' title='bbox 230 3558 262 3604; x_wconf 82' lang='lat' dir='ltr'><strong>so</strong></span> <span class='ocrx_word' id='word_1_207' title='bbox 276 3541 434 3604; x_wconf 88' lang='lat' dir='ltr'><strong>cellarius</strong></span> <span class='ocrx_word' id='word_1_208' title='bbox 447 3543 482 3604; x_wconf 91' lang='lat' dir='ltr'><strong>in</strong></span> <span class='ocrx_word' id='word_1_209' title='bbox 497 3535 640 3624; x_wconf 84' lang='lat' dir='ltr'><strong>agendis</strong></span> <span class='ocrx_word' id='word_1_210' title='bbox 664 3541 762 3624; x_wconf 89' lang='lat' dir='ltr'><strong>regni</strong></span> <span class='ocrx_word' id='word_1_211' title='bbox 786 3541 861 3625; x_wconf 89' lang='lat' dir='ltr'><strong>ejus</strong></span> <span class='ocrx_word' id='word_1_212' title='bbox 888 3548 1043 3606; x_wconf 78' lang='lat' dir='ltr'><strong>uteretur</strong></span> <span class='ocrx_word' id='word_1_213' title='bbox 1069 3540 1223 3604; x_wconf 88' lang='lat' dir='ltr'><strong>consilio.</strong></span> 
     </span>
     <span class='ocr_line' id='line_1_32' title="bbox 277 3641 1224 3726; baseline -0.001 -22"><span class='ocrx_word' id='word_1_214' title='bbox 277 3641 332 3704; x_wconf 87' lang='lat' dir='ltr'><strong>Ex</strong></span> <span class='ocrx_word' id='word_1_215' title='bbox 347 3641 448 3705; x_wconf 88' lang='lat' dir='ltr'><strong>sactis</strong></span> <span class='ocrx_word' id='word_1_216' title='bbox 469 3641 573 3726; x_wconf 90' lang='lat' dir='ltr'><strong>hujus</strong></span> <span class='ocrx_word' id='word_1_217' title='bbox 596 3642 844 3724; x_wconf 89' lang='lat' dir='ltr'><strong>archiepiscopi</strong></span> <span class='ocrx_word' id='word_1_218' title='bbox 865 3661 928 3704; x_wconf 90' lang='lat' dir='ltr'><strong>rex</strong></span> <span class='ocrx_word' id='word_1_219' title='bbox 949 3641 1062 3705; x_wconf 85' lang='lat' dir='ltr'><strong>factus</strong></span> <span class='ocrx_word' id='word_1_220' title='bbox 1076 3641 1224 3704; x_wconf 85' lang='lat' dir='ltr'><strong>instruc-</strong></span> 
     </span>
     <span class='ocr_line' id='line_1_33' title="bbox 276 3741 1224 3824; baseline -0.001 -20"><span class='ocrx_word' id='word_1_221' title='bbox 276 3741 354 3819; x_wconf 89' lang='lat' dir='ltr'><strong>tior,</strong></span> <span class='ocrx_word' id='word_1_222' title='bbox 378 3743 542 3824; x_wconf 91' lang='lat' dir='ltr'><strong>purgavit</strong></span> <span class='ocrx_word' id='word_1_223' title='bbox 565 3743 765 3820; x_wconf 89' lang='lat' dir='ltr'><strong>exercitum,</strong></span> <span class='ocrx_word' id='word_1_224' title='bbox 790 3762 860 3806; x_wconf 89' lang='lat' dir='ltr'><strong>non</strong></span> <span class='ocrx_word' id='word_1_225' title='bbox 882 3741 1084 3824; x_wconf 90' lang='lat' dir='ltr'><strong>permittens</strong></span> <span class='ocrx_word' id='word_1_226' title='bbox 1108 3759 1224 3805; x_wconf 91' lang='lat' dir='ltr'><strong>secum</strong></span> 
     </span>
     <span class='ocr_line' id='line_1_34' title="bbox 274 3841 1224 3924; baseline -0.002 -19"><span class='ocrx_word' id='word_1_227' title='bbox 274 3861 481 3924; x_wconf 90' lang='lat' dir='ltr'><strong>quemquam</strong></span> <span class='ocrx_word' id='word_1_228' title='bbox 502 3844 631 3919; x_wconf 90' lang='lat' dir='ltr'><strong>venire,</strong></span> <span class='ocrx_word' id='word_1_229' title='bbox 645 3843 712 3905; x_wconf 92' lang='lat' dir='ltr'><strong>nisi</strong></span> <span class='ocrx_word' id='word_1_230' title='bbox 738 3843 798 3924; x_wconf 92' lang='lat' dir='ltr'><strong>qui</strong></span> <span class='ocrx_word' id='word_1_231' title='bbox 824 3843 911 3905; x_wconf 89' lang='lat' dir='ltr'><strong>bene</strong></span> <span class='ocrx_word' id='word_1_232' title='bbox 934 3847 1053 3923; x_wconf 90' lang='lat' dir='ltr'><strong>posset</strong></span> <span class='ocrx_word' id='word_1_233' title='bbox 1076 3847 1111 3903; x_wconf 92' lang='lat' dir='ltr'><strong>et</strong></span> <span class='ocrx_word' id='word_1_234' title='bbox 1133 3841 1224 3903; x_wconf 92' lang='lat' dir='ltr'><strong>bono</strong></span> 
     </span>
     <span class='ocr_line' id='line_1_35' title="bbox 275 3941 1224 4024; baseline -0.002 -20"><span class='ocrx_word' id='word_1_235' title='bbox 275 3943 389 4006; x_wconf 89' lang='lat' dir='ltr'><strong>animo</strong></span> <span class='ocrx_word' id='word_1_236' title='bbox 418 3943 523 4007; x_wconf 89' lang='lat' dir='ltr'><strong>vellet</strong></span> <span class='ocrx_word' id='word_1_237' title='bbox 558 3961 655 4007; x_wconf 87' lang='lat' dir='ltr'><strong>arma</strong></span> <span class='ocrx_word' id='word_1_238' title='bbox 684 3949 844 4024; x_wconf 86' lang='lat' dir='ltr'><strong>portare;</strong></span> <span class='ocrx_word' id='word_1_239' title='bbox 881 3960 945 4004; x_wconf 90' lang='lat' dir='ltr'><strong>nec</strong></span> <span class='ocrx_word' id='word_1_240' title='bbox 974 3941 1224 4005; x_wconf 88' lang='lat' dir='ltr'><strong>revertentibus</strong></span> 
     </span>
     <span class='ocr_line' id='line_1_36' title="bbox 230 4041 1226 4124; baseline -0.002 -19"><span class='ocrx_word' id='word_1_241' title='bbox 230 4061 260 4105; x_wconf 77' lang='lat' dir='ltr'><strong>ss</strong></span> <span class='ocrx_word' id='word_1_242' title='bbox 274 4044 438 4123; x_wconf 86' lang='lat' dir='ltr'><strong>pecunias</strong></span> <span class='ocrx_word' id='word_1_243' title='bbox 453 4061 534 4107; x_wconf 88' lang='lat' dir='ltr'><strong>suas</strong></span> <span class='ocrx_word' id='word_1_244' title='bbox 550 4043 631 4106; x_wconf 94' lang='lat' dir='ltr'><strong>illuc</strong></span> <span class='ocrx_word' id='word_1_245' title='bbox 646 4062 755 4124; x_wconf 91' lang='lat' dir='ltr'><strong>usque</strong></span> <span class='ocrx_word' id='word_1_246' title='bbox 778 4041 903 4105; x_wconf 89' lang='lat' dir='ltr'><strong>allatas</strong></span> <span class='ocrx_word' id='word_1_247' title='bbox 919 4060 1035 4105; x_wconf 89' lang='lat' dir='ltr'><strong>secum</strong></span> <span class='ocrx_word' id='word_1_248' title='bbox 1049 4046 1226 4120; x_wconf 90' lang='lat' dir='ltr'><strong>reportare</strong></span> 
     </span>
     <span class='ocr_line' id='line_1_37' title="bbox 274 4141 1226 4223; baseline -0.002 -18"><span class='ocrx_word' id='word_1_249' title='bbox 274 4144 440 4222; x_wconf 89' lang='lat' dir='ltr'><strong>permisit,</strong></span> <span class='ocrx_word' id='word_1_250' title='bbox 462 4151 524 4207; x_wconf 92' lang='lat' dir='ltr'><strong>aut</strong></span> <span class='ocrx_word' id='word_1_251' title='bbox 554 4163 660 4206; x_wconf 91' lang='lat' dir='ltr'><strong>arma.</strong></span> <span class='ocrx_word' id='word_1_252' title='bbox 713 4141 885 4223; x_wconf 82' lang='lat' dir='ltr'><strong>Reginam</strong></span> <span class='ocrx_word' id='word_1_253' title='bbox 915 4158 1051 4222; x_wconf 91' lang='lat' dir='ltr'><strong>quoque</strong></span> <span class='ocrx_word' id='word_1_254' title='bbox 1081 4147 1226 4203; x_wconf 91' lang='lat' dir='ltr'><strong>matrem</strong></span> 
     </span>
    </p>
   </div>
   <div class='ocr_carea' id='block_1_6' title="bbox 274 4242 1227 4324">
    <p class='ocr_par' dir='ltr' id='par_1_9' title="bbox 274 4242 1227 4324">
     <span class='ocr_line' id='line_1_38' title="bbox 274 4242 1227 4324; baseline 0.002 -21"><span class='ocrx_word' id='word_1_255' title='bbox 274 4261 372 4306; x_wconf 90' lang='lat' dir='ltr'><strong>suam</strong></span> <span class='ocrx_word' id='word_1_256' title='bbox 396 4244 500 4321; x_wconf 91' lang='lat' dir='ltr'><strong>omni,</strong></span> <span class='ocrx_word' id='word_1_257' title='bbox 516 4250 555 4307; x_wconf 89' lang='lat' dir='ltr'><strong>ut</strong></span> <span class='ocrx_word' id='word_1_258' title='bbox 578 4243 704 4320; x_wconf 90' lang='lat' dir='ltr'><strong>decuit,</strong></span> <span class='ocrx_word' id='word_1_259' title='bbox 718 4242 847 4306; x_wconf 89' lang='lat' dir='ltr'><strong>honore</strong></span> <span class='ocrx_word' id='word_1_260' title='bbox 872 4248 1080 4324; x_wconf 88' lang='lat' dir='ltr'><strong>susceptam,</strong></span> <span class='ocrx_word' id='word_1_261' title='bbox 1097 4247 1227 4324; x_wconf 85' lang='lat' dir='ltr'><strong>etpost</strong></span> 
     </span>
    </p>
   </div>
   <div class='ocr_carea' id='block_1_7' title="bbox 0 0 1621 5036">
    <p class='ocr_par' dir='ltr' id='par_1_10' title="bbox 0 0 1621 5036">
     <span class='ocr_line' id='line_1_39' title="bbox 0 0 1621 5036; baseline 0 0"><span class='ocrx_word' id='word_1_262' title='bbox 0 0 1621 5036; x_wconf 95' lang='lat' dir='ltr'><strong> </strong></span> 
     </span>
    </p>
   </div>
  </div>
 </body>
</html>
