3208 5036
397 449 442 513 58
656 462 844 511 nicaenus
868 461 1083 520 niusmnsrs

232 637 302 688 Am.
311 639 383 686 nm.
397 621 615 698 cancellarii,
622 621 696 706 jam
710 621 834 684 iterur'n
847 620 966 703 legati,
975 620 1169 685 salutantes
1179 620 1345 702 reginam,

397 743 475 807 quae
496 741 650 806 praeseus
665 721 796 799 aderat,
820 729 855 786 et
878 722 1028 804 reliquos
1051 722 1243 798 universos,
1258 741 1345 805 quos

396 823 500 888 simul
509 823 598 888 forte
612 822 836 900 offenderant,
846 842 890 886 ex
906 829 1004 906 parte
1013 821 1143 886 domini
1155 823 1209 886 sui
1223 822 1260 885 in
1269 821 1344 887 An·

397 925 503 1007 gliam
518 924 627 1007 pridie
642 923 734 1006 ap'ud
750 923 905 988 Dovram
925 923 1061 1006 appulsi
1076 922 1231 987 feliciter.
1285 923 1344 1007 Ip-

398 1045 475 1088 sum
489 1024 561 1089 fore
578 1024 805 1089 ministerium
815 1024 999 1106 legationis
1014 1043 1087 1088 suae
1103 1030 1345 1088 exsecuturum
1375 1041 1391 1085 ⁵

398 1126 587 1191 novissima
622 1125 864 1190 mandatorum
900 1125 1019 1188 clausa
1053 1124 1213 1189 exclusit.
1274 1125 1346 1189 Diu

398 1227 594 1292 conticuere
609 1245 740 1304 omnes,
763 1225 958 1308 intentique
983 1245 1046 1290 ora
1064 1226 1230 1290 tenebant
1244 1226 1346 1289 nimis

398 1328 550 1392 attoniti.
610 1327 765 1391 Tandem
804 1327 842 1391 in
870 1334 955 1391 vota
982 1327 1079 1390 veuit
1114 1325 1278 1403 omnium,
1307 1334 1347 1391 ut

397 1429 512 1511 ipsum
525 1428 727 1510 suppliciter
741 1427 1002 1492 advocarentin
1017 1427 1220 1492 dictatorem
1234 1433 1269 1491 et
1284 1427 1346 1491 do-

398 1529 540 1606 minum,
563 1548 665 1611 quern
686 1527 844 1612 judicare
858 1535 1026 1593 venerant
1048 1536 1088 1593 ut
1111 1527 1288 1612 perjurum
1311 1535 1347 1592 et
1359 1539 1390 1586 1⁰

397 1637 687 1711 transgressorem
701 1629 738 1692 in
751 1629 952 1693 Dominum.
986 1627 1043 1693 Ad
1055 1629 1215 1694 comitem
1229 1629 1347 1712 itaque

398 1737 481 1794 tunc
495 1737 686 1794 morantem
701 1729 793 1812 apud
799 1729 1049 1812 ¹‘Walingeford
1064 1738 1099 1795 et
1114 1730 1282 1794 ridentem
1304 1731 1346 1794 il·

398 1831 509 1896 lorum
525 1831 768 1896 conventicula
780 1831 965 1895 mittuntur
983 1831 1084 1896 multi
1105 1851 1150 1894 ex
1175 1832 1347 1913 magnati·

398 1933 463 1995 bus
481 1939 518 1996 et
535 1932 727 2008 multocies,
742 1951 888 2014 quorum
905 1931 972 1996 fuit
984 1951 1074 1996 unus
1093 1929 1238 1997 Echion.
1268 1932 1346 1996 Hu-

399 2033 525 2097 militer
539 2040 575 2098 et
589 2033 663 2096 sine
682 2052 770 2114 ruga
792 2040 917 2114 rogant
940 2039 980 2096 ut
1002 2032 1145 2097 festinet
1168 2051 1348 2097 occursare
1360 2052 1391 2098 ιε

400 2153 516 2216 capro.
577 2133 772 2211 ‘Domina'
808 2133 980 2216 inquiunt,
1020 2139 1151 2198 ‘comu
1180 2132 1248 2198 fert
1277 2134 1347 2212 ille,

400 2240 522 2298 caveto
536 2234 556 2298 l'

452 2334 537 2418 577.
562 2332 687 2398 Comes
710 2354 782 2398 non
805 2334 951 2399 multum
973 2340 1086 2398 motus
1108 2333 1167 2398 diu
1190 2353 1227 2398 se
1250 2354 1347 2399 reve-

237 2404 276 2443 tha
284 2403 390 2442 influence

237 2453 387 2502 ornanum,
401 2443 517 2500 renter
530 2435 647 2518 rogari
667 2435 843 2513 sustinuit,
859 2434 1067 2518 tandemque
1081 2432 1196 2499 delato
1210 2435 1276 2499 sibi
1291 2455 1346 2500 sa·

400 2537 508 2600 tiatus
523 2535 665 2612 honore,
681 2556 759 2599 cum
781 2536 977 2601 novissimis
998 2537 1246 2618 precatoribus,
1261 2554 1391 2619 quosne

400 2637 479 2719 plus
505 2635 686 2713 dilexerat,
701 2637 798 2701 venit
820 2636 1042 2717 Londonias3
1072 2636 1280 2718 respondere
1303 2637 1347 2701 ad

401 2757 502 2801 omne
524 2757 642 2820 quare,
665 2737 695 2800 si
717 2737 826 2819 quaeri
848 2737 1044 2819 contigerit,
1067 2736 1274 2802 sufficienter
1294 2737 1347 2800 in·

401 2845 565 2904 structus.
617 2835 784 2919 Assurgit
809 2844 845 2901 et
862 2837 1039 2902 blanditur
1063 2839 1159 2902 curia
1182 2839 1347 2916 venienti,

402 2939 516 3003 aetatis
532 2945 567 3003 et
581 2938 711 3003 ordinis
726 2938 845 3002 ordine
857 2958 927 3003 non
941 2945 1091 3017 servato,
1102 2938 1183 3002 dum
1191 2940 1349 3022 quisque,

402 3041 462 3122 qui
488 3040 583 3122 prius
606 3045 733 3122 potest,
755 3039 849 3122 prior
870 3040 1020 3104 occurrit
1041 3046 1076 3104 et
1098 3059 1136 3104 se
1158 3041 1253 3124 cupit
1267 3048 1348 3105 aute
1361 3059 1393 3106 2⁵

401 3140 523 3218 videri,
544 3140 665 3205 volens
688 3141 825 3224 placere
850 3140 1008 3223 principi,
1031 3141 1113 3223 quia
1137 3142 1348 3225 principibus

402 3241 574 3324 placuisse
592 3241 681 3326 juris
704 3262 775 3306 non
799 3241 922 3306 ultima
937 3241 1014 3305 laus
1036 3248 1101 3306 est.
1154 3241 1349 3307 Consedere

402 3342 518 3406 duces.
572 3342 626 3407 De
644 3343 768 3407 castris
789 3343 886 3407 nulla
907 3341 948 3406 fit
970 3342 1120 3422 menti03
1144 3341 1187 3406 de
1202 3342 1347 3407 Cancel-

396 3443 490 3507 *lario
511 3449 588 3506 tota
608 3442 675 3508 fuit
692 3443 833 3525 querela
851 3450 887 3508 et
904 3443 1124 3507 consultatio.
1175 3442 1213 3507 Si
1234 3463 1348 3508 comes

403 3542 574 3619 consulat,
603 3562 721 3606 omnes
751 3563 829 3606 eum
862 3543 1073 3626 proscribere
1107 3551 1191 3608 sunt
1223 3545 1347 3627 parati.
1362 3565 1394 3612 aa

405 3641 574 3707 Comitem
594 3641 632 3706 in
655 3661 860 3706 eonsensum
884 3643 995 3707 modis
1016 3644 1173 3709 omuibus
1196 3645 1348 3709 emollire

404 3749 583 3826 satagunt,
606 3749 643 3807 at
664 3743 734 3807 illis
748 3743 874 3808 dextra
890 3743 1031 3828 jacebat
1045 3745 1171 3808 bellua.
1224 3745 1348 3809 Comes

403 3843 610 3926 respondere
631 3851 774 3926 rogatus
796 3844 946 3910 breviter
973 3844 1062 3924 infit,
1091 3844 1349 3910 ‘Cancellarius

404 3945 470 4008 iste
479 3944 607 4008 nullius
615 3953 781 4025 vestrum,
790 3966 854 4010 nec
868 3946 970 4010 simul
979 3947 1142 4024 omnium,
1154 3947 1265 4012 minas
1277 3968 1348 4012 me·

403 4051 480 4108 tuet
495 4065 559 4108 nec
574 4045 782 4111 mendicabit
794 4067 957 4125 amorem,
972 4048 1003 4111 si
1018 4068 1072 4111 me
1093 4047 1217 4112 saltem
1238 4050 1349 4113 solum
1362 4071 1393 4117 aa

404 4153 576 4209 mereatur
590 4145 716 4210 habere
729 4148 926 4230 propitium.
978 4147 1223 4231 Septingentas
1244 4149 1350 4214 libras

404 4246 540 4328 argenti
555 4246 638 4310 mihi
652 4247 796 4312 daturus
817 4257 870 4314 est
888 4248 980 4314 infra
1000 4250 1181 4334 septimam
1196 4250 1297 4331 diem,
1321 4252 1351 4316 si
