3208 5036
409 475 456 522 nn
479 473 596 524 nnnns
619 474 742 524 cnsrrs
766 475 928 526 menam.
945 478 1062 526 eninr.
1162 462 1207 528 7⁸7

257 633 417 716 repetiit3
440 634 485 699 ad
510 656 623 718 quem,
648 644 688 700 ut
707 637 782 722 jam
807 643 1001 720 competere
1015 638 1207 715 videbatur,
1220 646 1370 698 aanor.

259 734 439 799 Hubertus
461 738 642 820 episcopus
664 745 700 801 et
722 736 897 802 Henricus
921 757 1035 802 comes
1059 738 1207 822 Campa·
1220 758 1370 800 neumam·

258 836 325 899 niae
339 834 542 900 familiarius
556 837 769 915 accedentes,
785 857 826 901 ac
848 839 877 901 si
901 838 986 902 nihil
999 837 1103 904 fuerit
1118 861 1207 922 prae·
1220 811 1369 902 ἷῗιῗιιὲᾞῖιω.

257 935 379 1013 fatum,
394 936 437 1000 de
452 938 686 1002 transactione
708 958 786 1002 cum
807 939 993 1020 gentilibus
1015 941 1208 1005 necessario

229 1034 416 1102 afacienda
438 1039 530 1120 regis
554 1038 706 1102 animum
727 1059 789 1121 per
815 1040 1054 1121 integumenta
1081 1041 1208 1104 sollici-

258 1144 431 1203 taverunt.
484 1139 532 1203 Et
554 1159 616 1202 rex
639 1140 683 1202 ad
704 1139 795 1217 illos,
811 1139 950 1220 ‘Quia’
973 1141 1098 1225 inquit,
1113 1146 1208 1205 ‘tur-

258 1240 350 1303 batae
372 1240 498 1304 mentis
520 1248 574 1304 est
594 1241 813 1324 praecipitare
829 1241 944 1323 potius
959 1261 1063 1323 quam
1078 1241 1208 1306 dictare

258 1341 597 1423 sententiam-ego,
612 1342 672 1425 qui
686 1343 844 1406 turbatus
860 1361 937 1406 sum
956 1343 1082 1419 animo,
1097 1343 1207 1421 vebia,

258 1460 345 1524 qnos
360 1442 486 1524 quietae
503 1443 628 1506 mentis
641 1442 754 1520 video,
770 1441 862 1526 quod
878 1443 1039 1527 expedire
1052 1442 1208 1508 videritis

212 1558 245 1604 ro
257 1562 320 1625 pro
334 1543 425 1607 bono
445 1543 541 1626 pacis
556 1543 715 1608 ordinare
728 1545 913 1626 permitto’
964 1543 1035 1624 Qui
1048 1552 1208 1610 votorum

258 1651 433 1726 compotes
463 1643 688 1708 destinandos
718 1645 763 1707 ad
791 1645 995 1708 Saffatinum
1025 1646 1207 1729 superbis

258 1745 401 1809 nuncios
416 1744 629 1827 delegerunt,
644 1765 722 1809 cum
745 1745 860 1809 subito
880 1744 1068 1809 Saffatinus
1091 1765 1206 1810 rever·

257 1864 317 1908 sus
330 1845 373 1909 de
388 1845 641 1928 Hierosolymis
658 1846 842 1910 nunciatur
857 1845 999 1926 adesso;
1023 1845 1078 1909 oui
1092 1865 1206 1910 comes

257 1952 293 2009 et
316 1947 497 2029 episcopus
524 1954 754 2024 occurrenteS,
776 1953 813 2010 et
835 1944 877 2009 de
895 1945 1041 2009 induciis
1063 1945 1138 2029 jam
1161 1948 1205 2010 ab

210 2065 243 2111 1⁵
257 2066 299 2110 eo
317 2046 508 2124 certificati,
521 2067 599 2110 eum
614 2047 762 2130 qualiter
782 2066 860 2110 cum
880 2045 1017 2111 domino
1040 2063 1103 2109 suo
1125 2067 1206 2128 rege

256 2147 455 2230 loqueretur
478 2149 675 2212 instituunt.
727 2147 914 2212 Saffatinns
937 2149 973 2211 in
999 2146 1207 2228 colloquium

257 2249 349 2330 regis
371 2248 553 2326 admissus
575 2255 616 2313 ut
635 2249 665 2312 is
689 2249 744 2312 cui
768 2247 883 2313 fuerat
905 2249 949 2312 ab
965 2254 1069 2310 antea
1081 2245 1206 2310 famili-

257 2350 338 2426 aris,
352 2349 414 2413 vix
427 2349 576 2414 invaluit
587 2357 627 2414 ut
641 2368 704 2413 rex
717 2349 867 2432 seipsum
892 2368 961 2412 non
982 2347 1151 2431 perderet,
1168 2355 1207 2412 ut

256 2450 293 2512 in
315 2449 472 2514 inducias
497 2450 717 2514 consentiret.
769 2449 885 2513 Tanta
904 2450 1031 2532 quippe
1045 2449 1120 2513 viro
1140 2448 1206 2513 t'uit

210 2563 246 2612 ao
257 2550 310 2614 vis
330 2552 366 2614 in
390 2570 543 2632 corpore,
558 2551 669 2616 virtus
693 2551 730 2614 in
745 2551 871 2627 animo,
891 2548 975 2613 fides
1001 2551 1039 2614 in
1055 2549 1205 2628 Christo,

256 2651 348 2734 quod
359 2649 495 2715 difficile
508 2653 636 2716 tentari
648 2653 763 2734 potuit
776 2651 871 2734 quin,
883 2656 923 2715 ut
937 2659 1012 2716 erat
1020 2652 1127 2716 milite
1146 2650 1202 2716 de-

256 2754 410 2830 stitutuS,
421 2760 543 2818 contra
553 2753 646 2816 mille
660 2752 807 2834 gentiles
816 2752 1019 2817 lectissimos
1031 2753 1206 2833 singulare

256 2855 311 2917 sui
334 2854 486 2935 corporis
506 2861 679 2918 certamen
701 2854 886 2937 exciperet.
939 2852 1020 2933 Qua
1033 2852 1114 2935 quia
1136 2873 1207 2917 non

256 2961 311 3018 est
332 2954 518 3037 permissus
537 2974 729 3032 excurrere,
745 2954 810 3018 hoc
832 2954 936 3036 elegit
951 2953 1140 3034 diffugium,
1154 2961 1206 3031 ut,

210 3074 243 3122 aa
256 3061 336 3137 post
349 3064 480 3139 septem
501 3057 770 3139 septimanarum
784 3054 953 3132 inducias,
966 3055 1064 3118 salvo
1077 3052 1207 3117 foedere

254 3157 437 3238 pactionis,
452 3156 489 3219 in
504 3176 568 3220 suo
582 3156 747 3240 penderet
760 3156 902 3220 arbitrio
916 3163 1031 3219 utrum
1049 3174 1207 3237 pugnare

254 3255 343 3319 foret
369 3257 491 3334 satius,
520 3275 565 3320 an
595 3257 779 3339 quiescere.
831 3256 969 3320 Dantur
997 3273 1018 3318 a
1050 3254 1207 3335 partibus

254 3356 388 3421 dextrae
402 3358 445 3422 de
459 3358 523 3421 hac
544 3357 667 3421 ultima
681 3357 914 3421 transactione
934 3354 1105 3419 servanda
1122 3354 1207 3418 fide-

255 3456 334 3521 liter
347 3479 356 3538 3
380 3465 416 3522 et
430 3457 630 3535 Saffatinns,
653 3459 749 3540 regio
765 3477 906 3522 munere
923 3456 1003 3540 plus
1017 3455 1207 3522 honoratus

211 3582 245 3628 so
256 3577 359 3639 quarn
373 3566 547 3636 oneratus,
560 3558 603 3623 ad
618 3558 760 3624 fratrem
776 3558 979 3641 regreditur,
988 3558 1031 3622 de
1042 3565 1207 3641 praetrac-

255 3660 339 3723 tatis
355 3678 433 3724 cum
447 3659 673 3724 redhibitione
687 3659 731 3723 ad
746 3660 929 3724 terminum
944 3677 1155 3725 reversurus.

308 3759 394 3844 §99.
419 3760 589 3824 Ricardus
619 3780 681 3823 rex·
709 3758 849 3842 Angliae
878 3760 1059 3824 concilium
1086 3757 1208 3821 habuit
1220 3770 1260 3809 111⁸
1269 3781 1369 3820 aranga.

255 3859 291 3924 in
306 3860 498 3939 Accarone,
523 3862 638 3943 ibique
660 3861 758 3942 regni
780 3860 873 3923 illius
899 3858 1094 3940 reipublicae
1124 3823 1368 3963 pm-{ssitlfiffl

256 3960 376 4026 denter
398 3962 583 4044 providens
605 3960 797 4024 Henricum
815 3960 974 4024 comitem
994 3957 1207 4040 Campaniae,
1228 3935 1304 3964 Μ’

212 4075 243 4120 aa
256 4070 415 4144 nepotem
440 4081 551 4140 suum,
576 4061 632 4125 cui
657 4062 752 4144 prius
768 4059 900 4143 Tyrum
923 4058 1074 4135 dederat,
1099 4058 1208 4123 totius

256 4160 372 4227 Tomoe
390 4163 633 4228 Promissionis
648 4161 769 4225 ducem
785 4168 820 4224 et
834 4160 1009 4224 dominum
1024 4158 1207 4224 ordinavit.

257 4262 404 4345 Regiam
419 4272 555 4329 tanturn
577 4263 869 4328 consecrationem
892 4262 929 4324 in
952 4260 1040 4326 forte
1057 4259 1208 4324 futuram
