3208 5036
427 503 470 565 50
684 517 870 565 urcnnuus
894 515 1110 564 urvrsrsusrs

266 688 416 742 aanor.
429 676 550 760 regina
564 674 705 740 navium
715 675 843 740 detrita
854 674 1075 757 demergitur,
1089 674 1188 757 quasi
1199 673 1376 757 plumbum

429 780 466 842 in
480 778 580 861 aquis
588 776 859 854 vehementibus,
873 784 909 840 ot
921 776 1023 859 periit
1033 795 1110 839 cum
1123 777 1377 858 possessoribus

429 879 501 943 suis
515 886 591 943 tota
605 878 789 960 possessio.

267 981 405 1073 ffiffili¹
421 1016 431 1024 ..
483 978 563 1042 Rex
577 978 657 1043 iude
671 978 894 1062 progrediens
907 977 1003 1042 venit
1018 977 1061 1040 ad
1076 975 1267 1042 Accaronis
1286 977 1376 1040 obsi-

426 1079 579 1156 dionem,
607 1088 643 1144 et
669 1086 835 1162 exceptus
865 1087 919 1143 est
954 1079 998 1142 ab
1027 1077 1262 1142 obsidentibus
1299 1097 1376 1142 cum
1405 1103 1420 1148 t

430 1181 558 1263 gaudio
572 1187 683 1258 tanto,
698 1199 739 1244 ac
762 1182 792 1244 si
814 1186 906 1244 esset
921 1178 1091 1256 Christus
1107 1179 1167 1261 qui
1188 1179 1378 1244 revenisset

430 1282 467 1346 in
483 1289 609 1346 terram
623 1282 803 1346 restituere
818 1301 962 1363 regnum
978 1280 1130 1344 Israelis.
1169 1279 1250 1343 Rex
1266 1279 1376 1343 Fran·

429 1400 550 1446 corum
568 1388 786 1464 praevenerat
807 1382 850 1445 ad
870 1379 1097 1458 Accaronem,
1119 1387 1155 1445 et
1175 1381 1294 1462 magni
1315 1380 1377 1444 ha·

430 1483 523 1547 bitus
555 1489 609 1546 est
634 1483 678 1546 ab
702 1481 892 1564 indigenis3
924 1481 997 1559 sed,
1025 1482 1289 1564 superveniente
1314 1481 1377 1546 Ri-

432 1583 548 1659 cardo,
571 1584 622 1647 ita
645 1583 782 1647 delituit
805 1591 841 1647 et
868 1583 942 1646 sine
964 1583 1101 1647 nomine
1116 1581 1229 1647 factus
1252 1589 1316 1659 est,
1339 1589 1378 1646 ut
1390 1601 1423 1647 ro

423 1684 521 1748 -solet
534 1684 578 1746 ad
593 1684 676 1748 solis
690 1691 803 1748 ortum
818 1703 918 1748 suum
932 1684 1016 1747 luna
1028 1683 1144 1746 lumen
1159 1683 1327 1747 amittere.

269 1787 420 1838 flbllfflllr
483 1784 569 1869 §63.
592 1784 702 1848 Venit
725 1785 770 1848 ad
796 1802 911 1868 regem
941 1803 1042 1848 suum
1064 1783 1240 1848 Henricus
1264 1802 1378 1848 comes

269 1842 293 1878 to
311 1839 384 1890 fleury

268 1889 420 1992 gffim
432 1882 646 1968 Campaniae,
664 1886 719 1949 cui
729 1885 804 1970 Jam
819 1885 1000 1949 deficiebat
1014 1884 1176 1968 quicquid
1189 1884 1378 1950 advexerat

430 1986 544 2051 victus
573 1993 635 2050 aut
660 1987 773 2070 pretii.
798 1981 800 1986 ’
824 1986 988 2052 Postulat
1017 1986 1291 2063 subventionem,
1323 1986 1378 2049 cui

430 2107 494 2151 rex
520 2105 604 2151 suus
627 2094 663 2151 et
683 2086 842 2151 dominus
863 2085 945 2150 secit
967 2086 1080 2150 offerri
1104 2093 1242 2150 centum
1269 2086 1378 2149 millia
1390 2093 1422 2138 1⁵

432 2185 733 2266 Parisiaccnsium,
758 2189 788 2251 si
812 2194 928 2252 tamen
952 2188 1017 2251 sibi
1041 2187 1127 2252 velit
1150 2187 1378 2269 oppignerare

432 2286 670 2371 Campaniam.
702 2286 758 2353 Ad
767 2289 842 2352 haec
856 2307 982 2366 comes,
998 2287 1124 2365 ‘Feci,'
1139 2287 1262 2370 inquit,
1272 2287 1377 2370 ‘quod

430 2389 529 2471 potui
551 2397 586 2453 et
607 2389 721 2467 debui,
735 2407 827 2454 nunc
848 2389 973 2452 faciam
989 2389 1081 2471 quod
1103 2389 1196 2470 cogit
1217 2395 1376 2470 oportet3

429 2509 507 2554 meo
518 2491 593 2571 regi
601 2490 749 2566 militare
758 2490 928 2567 volebam,
940 2490 1001 2553 sed
1014 2509 1147 2553 menon
1159 2489 1300 2572 recepit,
1312 2489 1378 2553 nisi

430 2608 493 2671 pro
503 2609 591 2666 meo,
600 2590 690 2653 vado
706 2591 750 2654 ad
765 2610 843 2655 eum
852 2591 912 2673 qui
926 2610 980 2653 me
993 2591 1145 2672 recipiet,
1158 2591 1216 2672 qui
1227 2591 1380 2672 paratior
1390 2601 1424 2648 ao

431 2695 485 2753 est
504 2690 548 2752 ad
564 2689 658 2768 dare,
674 2709 777 2774 quam
798 2689 842 2754 ad
860 2691 1038 2773 accipere!
1090 2689 1171 2754 Rex
1184 2687 1379 2772 Anglorum

432 2788 604 2854 Ricardus
627 2792 780 2855 venienti
802 2791 945 2855 adeum
971 2790 1125 2854 Henrico
1144 2792 1261 2855 comiti
1277 2790 1378 2855 Gam-

423 2891 544 2972 -paniee
559 2891 654 2955 dedit
667 2899 817 2974 quatuor
832 2891 941 2956 millia
954 2892 1087 2956 modios
1098 2892 1215 2968 tritici,
1231 2899 1380 2975 quatuor

430 2991 538 3054 millia
562 2993 723 3070 bacones,
749 3001 785 3057 et
808 3001 958 3075 quatuor
979 2993 1086 3056 millia
1105 2992 1210 3056 libras
1230 2992 1377 3074 argenti.

430 3090 542 3155 Totus
555 3093 662 3175 igitur
675 3095 848 3158 exercitus
860 3093 1141 3174 alienigenarum,
1157 3095 1272 3176 quiex
1281 3094 1379 3158 omni
1390 3113 1422 3160 aa

429 3192 582 3271 natione,
595 3213 674 3277 quac
683 3195 747 3258 sub
756 3195 846 3258 coelo
860 3202 924 3272 est,
935 3195 1082 3258 nominis
1094 3193 1293 3272 Christiani,
1303 3195 1378 3279 jam

429 3293 561 3375 pridem
583 3301 618 3358 et
643 3302 725 3360 ante
750 3314 871 3378 regum
893 3296 1080 3359 adventum
1102 3301 1312 3360 convenerat
1334 3295 1378 3358 ad

426 3394 652 3473 obsidionem,
668 3396 712 3459 ad
726 3403 835 3460 tantae
845 3396 972 3460 famam
983 3395 1179 3460 donationis
1190 3395 1379 3459 Ricardum

428 3512 544 3575 regem
567 3495 606 3558 in
630 3496 751 3560 ducem
776 3497 907 3579 recepit
928 3503 964 3560 et
985 3497 1182 3577 dominum3
1214 3496 1290 3574 soli,
1319 3496 1378 3579 qui

428 3591 604 3657 dominum
618 3613 719 3659 suum
736 3597 845 3660 secuti
865 3596 1014 3674 fuerant,
1031 3596 1158 3660 Franci
1179 3597 1379 3662 resederunt
1391 3615 1423 3662 so

423 3711 505 3756 cum
520 3713 584 3759 suo
598 3713 750 3778 paupere
762 3715 844 3778 rege
861 3696 1086 3761 Francorum.

264 3817 416 3870 anexpuru.
479 3794 497 3878 §
513 3794 567 3858 64.
591 3794 672 3858 Rex
687 3793 893 3878 Anglorum‚
913 3816 1018 3861 morae
1034 3798 1181 3875 nescius,
1198 3798 1302 3861 tertia
1323 3797 1378 3860 die

427 3894 481 3957 sui
499 3895 674 3959 adventus
695 3897 732 3959 iu
754 3898 965 3962 obsidionem
980 3898 1062 3962 fecit
1081 3898 1213 3962 exstrui
1235 3905 1271 3961 et
1293 3897 1378 3979 erigi

427 3995 606 4058 castellum
628 4014 729 4060 suum
751 3998 915 4080 ligneum,
935 3999 1025 4082 quod
1048 4000 1086 4063 in
1109 3999 1227 4063 Sicilia
1248 3998 1377 4063 factum

460 4250 468 4278 ⁴
498 4251 571 4302 Venit
592 4255 624 4303 ad
645 4254 779 4306 Accuroaie
800 4250 1104 4384 absidi-puponSJunm
1117 4258 1204 4322 Philip
1215 4257 1267 4308 had
1278 4259 1377 4308 arrived

424 4323 513 4387 onem]
543 4324 655 4374 Ricbard
677 4327 785 4376 reached
808 4328 889 4377 Acres
916 4343 983 4389 upon
994 4332 1027 4377 2⁰
1038 4328 1121 4390 April.
