3208 5036
410 463 457 509 nn
481 462 597 509 annus
620 461 742 512 cnsms
766 462 919 509 monam
944 463 1060 508 emm.
1187 446 1209 509 9

258 620 455 684 Scottorum
470 640 532 684 rex
547 621 739 685 cautionem
754 621 883 702 recepit
897 620 1001 702 quod,
1016 619 1097 682 dum
1111 640 1208 702 pere·
1221 630 1368 685 marren.

257 721 463 802 grinaretur,
493 721 537 784 ad
566 721 739 786 laesionem
760 718 912 801 Angliae,
939 721 1102 784 terminos
1127 739 1208 785 suos

258 840 328 884 non
343 822 559 885 excederent.
640 869 643 873 -

310 921 327 1004 ᾗ
353 921 407 985 10.
447 921 656 986 Godefridus
694 922 784 986 filius
821 921 1032 986 memorandi
1066 921 1357 1001 Ricardicpnneraes

229 1020 349 1085 sillius
372 1023 414 1086 de
432 1022 529 1100 Luci,
555 1022 726 1086 Ricardus
742 1022 1004 1098 Thesaurarius,
1028 1021 1208 1086 Hubertus
1221 993 1313 1040 mm*

258 1120 418 1199 Walteri,
440 1122 636 1187 Willelmus
665 1124 707 1186 de
739 1123 861 1204 Longo
885 1121 1029 1205 Campo,
1059 1130 1209 1204 quatuor

258 1222 324 1285 viri
352 1243 422 1286 non
446 1224 595 1286 minimae
617 1224 756 1287 virtutis
774 1229 843 1286 aut
864 1223 976 1285 laudis
1000 1223 1142 1298 ultimae,
1163 1223 1207 1286 ad

259 1330 408 1404 quatuor
430 1330 595 1387 vacantes
617 1324 727 1400 sedes
750 1323 892 1398 scilicet,
920 1323 1207 1400 Wintoniensem,

260 1422 547 1500 Londoniensem,
574 1424 869 1500 Saresbiriensem,
893 1422 1078 1500 Eliensem,
1108 1423 1208 1487 electi

213 1543 245 1588 ro
259 1531 341 1587 sunt
363 1524 455 1606 apud
471 1524 851 1607 Pippewelle3-singuli
873 1524 958 1587 satis
981 1525 1156 1600 canonice,
1172 1532 1208 1586 et

259 1624 408 1688 maxime
418 1624 683 1702 WintoniensiS,
696 1624 755 1707 qui
769 1624 911 1705 primus,
928 1623 993 1686 hoc
1008 1632 1061 1688 est
1075 1623 1206 1687 decimo
1272 1623 1277 1632 '

259 1725 406 1806 septimo
427 1725 594 1789 kalendas
612 1725 773 1788 Octobris
789 1723 901 1806 [Sept.
916 1723 974 1804 15]
1001 1744 1126 1788 nomen
1140 1724 1206 1787 ini-

259 1824 435 1889 tiatorium
460 1826 639 1908 dignitatis
663 1825 824 1901 obtinuit,
850 1843 928 1887 cum
952 1824 1055 1888 trium
1085 1825 1206 1887 electio

259 1923 368 1989 dilata
389 1925 493 1990 fuerit
520 1927 557 1988 in
584 1926 784 2002 crastinum,
810 1924 1046 1988 consentiente
1068 1944 1149 2005 rege
1172 1932 1207 1988 et

214 2039 245 2091 1'5
259 2025 482 2090 confirmante
512 2025 770 2107 archiepiscopo
798 2023 890 2106 quod
920 2023 1050 2087 factum
1080 2023 1205 2101 fuerat,

258 2119 416 2206 quamvis
432 2127 468 2188 in
482 2127 601 2209 primis
617 2125 747 2207 aliquid
765 2125 866 2188 aliter
879 2123 1068 2188 maluisset.
1106 2122 1207 2187 Circa

259 2226 350 2307 quod
365 2227 488 2289 mirum
503 2226 639 2302 accidit,
654 2233 693 2288 ut
712 2227 742 2288 is
762 2225 840 2307 ipsa
851 2224 906 2287 die
919 2223 992 2287 fato
1006 2221 1208 2305 fungeretur

258 2327 329 2406 qui,
342 2335 467 2408 agente
483 2326 751 2408 archiepiscopo,
768 2325 812 2388 ad
827 2343 933 2388 unam
948 2324 1079 2387 sedium
1094 2325 1207 2388 suerat

258 2428 467 2491 nominatus.
533 2426 730 2491 Willelmus
760 2422 908 2488 Eliensis
944 2424 1085 2502 electuS,
1116 2425 1206 2488 datis

212 2546 245 2591 ro
259 2526 368 2590 tribus
390 2527 540 2591 millibus
560 2527 656 2590 libris
679 2526 826 2608 argenti,
850 2524 1002 2606 sigillum
1026 2525 1117 2606 regis
1141 2526 1207 2589 sibi

258 2627 411 2704 retinuit,
420 2627 501 2691 licet
511 2627 726 2709 Reginaldus
734 2625 845 2690 Italus
855 2633 1015 2707 quartum
1025 2625 1206 2689 millerium

258 2728 535 2810 superobtulerit.
587 2727 839 2792 Wintoniensis
873 2733 908 2789 et
943 2725 1206 2788 Saresbiriensis

259 2827 359 2890 electi
373 2828 564 2891 consecrati
587 2835 670 2890 sunt
682 2847 704 2890 a
719 2826 933 2902 Baldewino,
949 2825 1206 2908 archiepiscopo

260 2924 470 3005 Cantuariae,
509 2928 601 3010 apud
633 2926 993 3002 westmonasterium,
1026 2925 1207 2990 undecimo

213 3050 245 3094 25
259 3025 425 3091 kalendas
449 3027 656 3092 Novembris
680 3026 776 3108 [Oct.
792 3026 864 3107 22}
918 3026 1001 3107 Ipso
1025 3025 1081 3088 die
1098 3024 1207 3106 Hugo

259 3127 301 3190 de
332 3128 509 3206 Nonante,
536 3128 716 3210 episcopus
746 3124 1003 3202 coventrensis
1032 3125 1206 3207 querelam

259 3227 418 3310 deposuit
431 3248 547 3292 coram
559 3227 802 3310 archipraesule
817 3233 852 3288 et
868 3225 1037 3308 episcopis
1054 3224 1098 3287 ad
1115 3225 1206 3288 ordi-

259 3329 434 3392 nationem
459 3329 645 3392 electorum
670 3326 880 3402 convocatis
904 3344 1007 3407 super
1030 3324 1208 3388 monachis

259 3429 330 3491 suis
354 3428 396 3491 de
413 3427 597 3504 Coventre,
613 3427 704 3509 quod
727 3443 851 3488 manus
878 3427 913 3488 in
938 3445 1015 3488 eum
1037 3424 1208 3490 violentas

214 3551 245 3596 so
258 3528 459 3611 injecerant,
490 3536 525 3592 et
549 3528 753 3609 sanguinem
779 3546 879 3590 suum
910 3526 1070 3590 fuderant
1093 3544 1208 3588 coram

259 3627 372 3692 altari.
425 3629 618 3692 Maximam
643 3629 747 3691 etiam
769 3634 904 3710 partem
930 3627 1208 3708 congregationis

260 3736 340 3792 ante
355 3729 529 3811 querelam
552 3727 734 3810 expulerat
755 3727 797 3790 de
821 3727 976 3804 ecclesia,
993 3746 1057 3789 nec
1078 3726 1122 3788 ab
1145 3727 1208 3788 im-

259 3829 431 3909 probitate
468 3829 599 3910 quievit
637 3827 746 3891 donec
782 3827 934 3890 omnium
971 3827 1209 3907 episcoporum

293 4174 314 4208 ³⁸
331 4178 411 4240 Super
427 4177 549 4224 monachis
563 4176 615 4224 sule
631 4179 659 4224 de
678 4178 723 4224 Co·
748 4177 818 4226 these
829 4178 993 4239 proceedings
1004 4179 1102 4239 maybe
1114 4191 1173 4226 seen
1184 4178 1210 4225 in

259 4248 360 4310 centra]
383 4248 437 4296 The
449 4261 526 4295 cause
543 4247 593 4296 and
609 4248 688 4295 result
698 4247 726 4294 ol
749 4247 836 4309 Dugd.
849 4249 959 4298 Monost.
971 4249 1008 4297 iii.
1020 4253 1077 4298 179.
