3208 5036
393 472 415 535 2
766 489 963 538 raouocus

394 667 464 710 uno
484 648 570 729 pede
585 668 654 730 quo
668 649 816 712 voluerit
829 648 947 726 frater,
963 647 1072 712 altero
1088 652 1286 710 remanente
1307 645 1343 707 iu

395 764 494 828 cella.
548 764 717 847 Magnum
735 773 770 830 et
783 765 990 848 profundum
1010 770 1264 827 sacramentum
1285 761 1344 824 de-

395 882 475 946 bere
490 883 616 948 ostium
630 884 756 948 habere
771 884 863 966 quod
877 891 1009 967 pateat,
1023 903 1085 966 per
1100 882 1192 964 quod
1216 881 1345 944 intrare

395 999 451 1062 vel
477 1000 572 1063 exire
597 1021 667 1064 non
694 1001 808 1064 liceat.
861 1001 973 1064 Miror
994 1007 1030 1064 et
1052 998 1164 1077 aliud3
1189 997 1346 1061 omnibus

394 1116 494 1179 bonis
528 1117 773 1206 temporalibus
809 1117 1036 1193 abundantes
1066 1123 1232 1197 tanquam
1262 1112 1347 1176 nihil
1375 1125 1390 1167 ὁ

396 1231 562 1296 habentes
590 1240 625 1296 et
647 1233 763 1297 omnia
785 1233 1012 1315 possidentes
1035 1231 1192 1295 omnibus
1215 1229 1345 1293 miseri-

396 1348 567 1413 cordiores
583 1349 777 1413 hominibus
802 1356 838 1413 et
858 1349 1090 1425 humaniores
1115 1347 1347 1430 plenissimam

396 1465 519 1528 advos
540 1466 687 1529 invicem
709 1467 888 1529 caritatem
910 1465 1088 1541 habentes,
1111 1463 1266 1528 caritatis
1296 1462 1347 1526 af-

396 1579 523 1645 fectum
532 1581 718 1645 dimidiatis
734 1581 777 1645 ad
793 1582 958 1659 advenas,
972 1580 1162 1644 benedicite
1171 1580 1245 1643 sine
1258 1599 1346 1662 prae-

396 1697 510 1761 benda
523 1698 645 1762 dantes
668 1699 872 1782 hospitibus.
926 1698 1037 1762 Miror
1050 1704 1086 1761 et
1100 1697 1258 1774 tertium3
1283 1696 1348 1760 viri
1361 1713 1392 1759 ro

395 1815 553 1878 viventes
576 1816 674 1879 vobis
698 1822 799 1879 extra
822 1816 975 1879 seculum
1004 1821 1136 1878 secreto
1162 1833 1203 1876 ac
1228 1813 1347 1894 singu·

396 1930 526 2009 lariter,
541 1951 659 1996 omnes
679 1950 734 1996 res
751 1939 869 2014 gestas
890 1932 927 1995 in
951 1931 1066 1994 seculo
1082 1930 1178 1993 scitis
1194 1937 1233 1994 ut
1248 1929 1347 2006 fiunt,

397 2055 432 2112 et
446 2048 653 2131 quandoque
674 2050 844 2131 praescitis
864 2056 1051 2130 antequam
1065 2046 1163 2110 fiant.
1215 2045 1291 2108 Nec
1313 2045 1348 2108 id

397 2166 441 2228 ad
449 2166 612 2250 iujuriam
621 2167 869 2230 taciturnitatis
878 2172 1015 2242 vestrae,
1025 2161 1347 2247 plusquamPytha-

397 2283 535 2364 goricae,
547 2303 602 2346 me
613 2283 742 2346 dixisse
753 2283 948 2359 credideris
959 2302 1037 2345 cum
1045 2287 1154 2344 tautae
1166 2279 1349 2362 gravitatis
1361 2293 1391 2336 ra

397 2400 502 2476 viros,
513 2406 590 2462 tam
603 2399 722 2462 arduae
737 2398 972 2483 professionis,
985 2415 1192 2480 praesumere
1204 2397 1349 2460 audeam

396 2515 602 2597 prophetare
617 2517 732 2598 potius
755 2516 981 2580 deliramenta
997 2512 1116 2578 mundi
1131 2533 1235 2596 quam
1250 2512 1348 2576 fabu-

396 2630 472 2694 lari.

449 2748 513 2832 §2
537 2747 787 2812 Verumtamen
811 2748 877 2810 etsi
897 2748 1011 2812 omnia
1037 2749 1149 2812 sciens
1166 2747 1262 2810 Deus
1287 2766 1348 2809 vo-

395 2865 528 2928 biscum
543 2865 600 2942 sit,
615 2871 655 2928 ut
669 2871 824 2946 putatur,
841 2871 876 2928 et
891 2865 926 2928 in
942 2866 1039 2930 vobis
1054 2873 1089 2930 et
1104 2866 1141 2928 in
1153 2865 1221 2928 Illo
1232 2864 1349 2927 sciatis
1361 2881 1392 2926 ao

396 2981 523 3058 omnia,
547 3001 617 3045 non
642 2981 686 3043 ab
709 2978 848 3043 homine
872 3001 984 3064 neque
1003 3001 1065 3064 per
1087 2980 1272 3057 bominem,
1287 2999 1348 3043 vo-

396 3097 503 3173 luisti,
531 3104 569 3160 ut
594 3099 723 3175 aiebas,
748 3103 788 3160 ut
809 3099 1012 3162 exercitium
1033 3118 1146 3163 meum
1168 3098 1231 3162 tibi
1254 3095 1351 3160 fieret

397 3213 534 3291 solatio,
548 3221 719 3296 quatenus
742 3220 837 3277 meta
862 3235 963 3279 novae
987 3215 1221 3298 morphoseoS,
1246 3232 1349 3296 quam

397 3330 544 3394 mundus
559 3331 667 3394 movit
682 3338 821 3394 mutans
833 3331 1002 3413 quadrata
1016 3331 1184 3406 rotundis,
1200 3330 1350 3392 maxime

396 3455 476 3530 post
502 3447 842 3529 transmigrationem
870 3453 1021 3513 vestram
1050 3447 1095 3510 ad
1125 3445 1252 3508 coelum
1280 3445 1348 3508 cel·
1361 3461 1392 3506 as

396 3564 516 3640 latum,
539 3563 602 3627 tibi
627 3561 800 3627 Chronica
825 3564 1020 3640 scriberem,
1043 3570 1082 3626 ut
1103 3561 1251 3625 mundus
1274 3562 1349 3639 tibi,

396 3679 543 3761 amplius
568 3699 640 3762 prae
663 3680 772 3743 oculis
794 3678 914 3742 babita
936 3679 1011 3764 ejus
1036 3679 1239 3756 mobilitate,
1264 3677 1348 3742 vile-

395 3803 518 3874 sceret,
532 3805 567 3861 et
583 3797 689 3860 amati
708 3796 906 3860 memoriam
923 3803 1007 3860 nota
1021 3796 1084 3860 tibi
1099 3797 1200 3861 litera
1222 3815 1349 3878 reprae-

396 3920 559 3977 sentaret.
613 3912 714 3976 Ome
729 3912 881 3976 felicem!
906 3913 936 3975 si
952 3921 1075 3977 sancta
1096 3913 1158 3976 illa
1175 3914 1302 3989 anima,
1320 3911 1350 3974 si

396 4028 540 4109 angelus
564 4029 718 4106 Domini,
748 4030 779 4093 si
808 4029 986 4094 deificatus
1014 4030 1117 4094 homo
1148 4037 1183 4093 et
1209 4029 1283 4112 jam
1306 4028 1349 4091 de
1363 4041 1394 4087 ao

396 4163 538 4209 numero
552 4146 694 4210 deorum
709 4145 833 4223 factus
846 4165 961 4210 coram
976 4165 1104 4228 magno
1114 4146 1191 4209 Deo
1207 4146 1273 4208 mei
1289 4145 1351 4209 vix

394 4261 542 4324 hominis
558 4263 753 4327 meminisse
768 4263 940 4345 dignetur.
983 4263 1064 4326 Feci
1080 4262 1171 4345 quod
1187 4262 1349 4344 petieras,
