3208 5036
233 630 385 686 A.D.ll92.

399 447 444 512 74
660 462 847 518 urcitanus
870 462 1087 512 orvrsrnusrs

397 643 496 690 cussa
517 621 695 707 possideat
716 641 826 705 usque
848 621 893 686 ad
914 622 1118 702 terminum3
1143 618 1349 688 Christianis

396 726 516 791 liceret
538 723 582 789 ad
603 724 770 806 placitum
787 723 925 788 interim
940 721 1118 788 infortiare
1133 719 1349 790 Accaronem

397 817 649 903 tantummodo,
660 832 696 889 et
707 825 894 906 gentilibus
906 822 1197 906 Hierosolymam.
1227 822 1348 888 Omnis

397 933 607 1004 contractus,
623 926 837 1002 commercia,
854 925 998 1009 quilibet
1011 932 1122 1002 actus,
1137 925 1254 988 omnia
1275 945 1348 990 om-

397 1030 499 1093 nibus
511 1028 660 1093 invicem
675 1027 969 1091 communicentur
982 1025 1019 1088 in
1032 1044 1129 1108 pace.
1161 1024 1348 1092 Saffatinus
1377 1039 1392 1082 ⁵

398 1131 484 1216 ipse,
499 1128 603 1214 hujus
618 1129 747 1194 decreti
758 1126 916 1205 nuncius,
930 1125 1123 1190 destinatur
1141 1125 1185 1190 ad
1200 1123 1347 1208 Anglos.

266 1254 310 1334 οη
331 1240 348 1334 [¹
450 1230 536 1315 §94
551 1230 646 1295 Dum
662 1228 834 1294 Ricardus
847 1247 910 1292 rex
925 1227 1118 1309 aegrotabat
1131 1227 1222 1310 apud
1237 1226 1260 1292 J
1263 1227 1348 1305 ales,

397 1333 599 1397 nunciatum
612 1336 667 1394 est
678 1330 711 1394 ei
724 1329 817 1412 quod
825 1329 897 1392 dux
907 1327 1120 1410 Burgundiae
1132 1327 1224 1411 apud
1235 1325 1348 1392 Acca·

397 1453 516 1499 ronem
530 1431 685 1514 graviter
698 1435 896 1511 aegrotaret.
949 1427 1035 1492 Dies
1048 1428 1110 1493 ille
1129 1428 1243 1492 luerat
1256 1430 1348 1511 regis
1483 1505 1487 1512 Ι

397 1533 547 1609 criticus,
571 1537 673 1596 etex
698 1528 927 1594 delectatione
948 1548 1122 1594 rumorum
1144 1528 1249 1594 febris
1273 1529 1348 1614 ejus
1361 1545 1394 1590 ro

396 1633 512 1698 solnta
525 1639 589 1696 est.
636 1629 792 1695 Elevatis
806 1636 922 1695 autem
935 1629 1100 1694 continuo
1115 1649 1178 1694 rex
1190 1630 1348 1695 manibus

395 1734 603 1816 imprecatus
618 1738 683 1808 est,
700 1728 829 1807 dicens,
845 1731 965 1796 ‘Deus
984 1730 1141 1798 destrrmt
1162 1751 1251 1808 eum,
1267 1732 1349 1813 quia

396 1833 509 1898 noluit
540 1851 673 1896 mecum
709 1831 866 1896 inimicos
894 1831 975 1896 fidei
1005 1839 1133 1896 nostrae
1160 1831 1348 1911 destruere,

395 1934 478 1998 licet
507 1931 551 1996 ad
579 1950 674 1997 meos
704 1931 833 1996 solidos
855 1932 931 2017 jam
961 1931 1095 2016 pridem
1123 1932 1346 1998 militaverit!

397 2034 464 2102 Die
489 2033 593 2096 tertia
616 2030 689 2095 dux
714 2030 933 2114 delirngitur3
965 2033 1065 2117 cujus
1089 2053 1174 2098 casu
1196 2034 1348 2116 cognito,
1360 2046 1391 2092 ιε

397 2135 578 2217 episcopus
594 2132 830 2211 Belvacensis,
844 2133 964 2198 relicto
987 2153 1070 2216 rege
1090 2154 1169 2198 cum
1190 2135 1348 2199 omnibus

396 2235 481 2311 suis,
506 2231 722 2298 Accaronem
747 2231 893 2298 festinus
918 2234 1077 2316 advenit;
1113 2243 1350 2301 convenerunt

396 2334 442 2399 ad
466 2353 544 2398 eum
567 2353 612 2397 ex
636 2333 794 2397 omnibus
820 2334 954 2418 oppidis
977 2354 1096 2400 omnes
1122 2335 1349 2418 Francigenae

397 2432 571 2517 usquead
595 2453 701 2498 unum
735 2435 895 2499 comitem
919 2435 1119 2521 Campaniae
1144 2434 1348 2515 Henricum,

398 2534 542 2601 Ricardi
556 2534 649 2616 regis
664 2554 709 2600 ex
723 2554 841 2600 sorore
855 2544 1027 2620 nepotem.
1080 2537 1210 2602 Factus
1233 2546 1348 2604 autem
1359 2558 1393 2604 ao

397 2636 578 2719 episcopus
592 2635 665 2699 dux
676 2641 712 2700 et
725 2636 875 2702 minator
888 2658 1018 2715 eorum,
1033 2637 1145 2703 edicto
1159 2641 1348 2724 proposito,

396 2736 576 2802 universos
590 2736 779 2818 repatriare
793 2736 983 2804 mandavit.

312 2860 361 2892 ene
448 2836 534 2920 §95.
559 2836 690 2901 classis
713 2837 896 2902 instruitur
924 2847 959 2904 et
981 2838 1153 2920 gloriosus
1174 2841 1347 2927 princeps,

396 2957 474 3004 cnm
489 2937 561 3000 suis
581 2937 817 3020 glabrionibus
837 2940 882 3004 ab
907 2940 1038 3004 oriente
1060 2940 1234 3020 recedens,
1258 2942 1347 3028 Tyr-

396 3039 540 3104 rhenum
551 3038 699 3120 navigat
714 3058 844 3121 aequor.
895 3037 1076 3124 Appnlsus
1097 3040 1133 3104 in
1156 3042 1249 3106 latus
1262 3040 1347 3108 Ale·
1359 3062 1391 3108 ae

396 3138 545 3206 manniae
557 3145 725 3222 pertotas
748 3139 859 3204 dietas
881 3141 936 3206 sui
956 3141 1089 3206 itineris
1102 3141 1349 3210 disseminabat

395 3243 432 3308 in
454 3239 601 3325 populos
624 3240 716 3323 quod
737 3241 885 3306 traditor
909 3243 967 3306 ille
991 3261 1054 3308 rex
1068 3239 1221 3325 Angliae,
1237 3245 1347 3327 primo

396 3343 565 3408 adventus
586 3341 641 3405 sui
662 3342 700 3405 in
722 3340 883 3405 Judaeam
905 3351 1071 3425 tempore,
1095 3363 1212 3425 regem
1236 3344 1347 3409 Fran·

396 3462 514 3513 corum
535 3441 710 3507 dominum
732 3461 832 3506 suum
855 3442 1064 3508 Salahadino
1080 3444 1216 3508 tradere
1230 3445 1346 3530 dispo-

397 3551 532 3624 suerat3
556 3542 660 3625 quod,
682 3549 723 3605 ut
737 3541 833 3625 Tyro
852 3543 1034 3625 potiretur,
1048 3543 1268 3610 marchisiam
1287 3547 1345 3632 ju·
1359 3561 1391 3606 ao

399 3647 510 3736 gutluri
535 3643 686 3722 fecerat3
709 3642 801 3724 quod
826 3643 948 3707 ducem
974 3644 1187 3726 Burgundiee
1212 3668 1346 3712 veneno

400 3747 610 3840 perdiderat;
634 3742 739 3827 quod,
764 3742 809 3807 ad
832 3743 1003 3823 ultimum,
1025 3765 1161 3810 omnem
1178 3745 1346 3814 Christia-

403 3871 522 3922 norum
543 3845 743 3921 exercitum,
757 3845 818 3927 qui
840 3844 906 3908 sibi
929 3866 999 3910 non
1023 3849 1179 3930 parebat,
1194 3849 1231 3912 in
1253 3869 1346 3915 com-

406 3975 505 4024 me
539 3945 751 4018 vendiderat.
802 3945 991 4012 Hominem
1019 3967 1095 4012 esse
1124 3949 1347 4031 singulariter

409 4061 525 4133 hu,
545 4050 694 4120 moribus
716 4044 865 4110 ferreum
889 4056 926 4113 et
947 4049 1178 4128 inamabilem,
1192 4050 1229 4114 in
1257 4050 1346 4117 dolis
1359 4061 1390 4108 aa

418 4157 602 4236 ἰ-,ἰιι
615 4147 885 4219 dissimulatione
908 4149 1154 4216 doctissimum.
1208 4149 1345 4216 Horum

421 4265 537 4342 gn
552 4276 660 4346 regem
683 4250 895 4322 Francorum
921 4258 993 4315 tam
1019 4251 1176 4317 celeriter
1198 4253 1343 4336 repatri-
