3208 5036
388 455 436 501 on
460 453 576 502 annus
600 452 722 501 cusrrs
746 407 898 502 aronam
923 452 1040 502 rnrur.
1144 439 1188 504 53

234 611 327 678 stitit
343 611 375 675 ei
397 631 460 675 rex
473 609 668 696 Anglorum
690 612 727 676 in
750 612 883 677 faciem.
936 610 1041 678 ‘Non
1063 610 1346 693 decetfanuor.

235 713 361 794 inquit,
378 713 450 777 ‘tui
465 713 613 777 nominis
637 712 809 778 hominem
833 712 984 778 nondum
1000 721 1101 797 parta
1114 715 1183 780 lar-

235 813 302 894 giri
315 813 371 877 vel
393 815 603 896 promittere,
618 815 679 878 sed
694 822 729 878 et
750 814 781 877 si
800 820 870 878 tuae
896 815 1183 897 peregrinationis

236 912 395 977 Christus
417 915 454 978 in
477 933 584 978 causa
604 923 668 994 est,
682 934 761 978 cum
783 914 934 997 regionis
953 914 1057 1000 hujus
1077 925 1183 999 caput

205 1039 221 1083 5
235 1015 370 1078 urbium
379 1014 421 1079 de
430 1034 534 1080 manu
548 1015 677 1095 hostili,
694 1015 984 1100 Hierosolymam,
997 1017 1181 1086 novissime

235 1115 366 1193 tuleriS,
396 1114 539 1181 Widoni
569 1115 890 1199 Hierosolymorum
924 1118 998 1198 regi
1026 1117 1180 1199 legitimo

234 1235 379 1297 regnum
401 1217 475 1280 sine
502 1216 669 1282 dilatione
697 1237 760 1281 seu
789 1216 986 1282 conditione
1007 1217 1180 1285 restitues.

235 1315 408 1393 Ceterum,
424 1318 454 1380 si
469 1317 669 1397 recorderis,
684 1316 898 1383 Acoaronem
912 1338 983 1382 non
1001 1318 1181 1384 obtinuisti

234 1417 309 1480 sine
331 1417 498 1502 participe
513 1439 522 1500 ;
545 1419 636 1483 unde
659 1438 723 1483 neo
737 1417 829 1502 quod
842 1418 988 1483 duarum
1007 1427 1061 1484 est
1079 1419 1181 1486 debet

188 1534 357 1582 romanus
380 1538 450 1582 una
473 1520 606 1602 partiri.
657 1519 730 1598 Ηο,
746 1520 826 1598 hoh,
841 1539 904 1603 pro
923 1527 1064 1604 gutture
1078 1520 1146 1585 Dei
1159 1521 1178 1586 l'

235 1619 456 1698 Marohisiusr,
471 1619 580 1685 felicis
596 1622 670 1704 spei
683 1639 826 1698 vaenue,
840 1618 971 1703 Tyrum
983 1620 1178 1700 revertitur,

233 1727 270 1784 et
283 1741 346 1785 rex
362 1721 587 1800 Francorum,
602 1721 661 1805 qui
675 1741 736 1804 per
751 1719 971 1786 marchisium
985 1729 1107 1788 contro
1124 1723 1178 1788 in·

232 1821 403 1886 vidiosum
420 1841 519 1886 suum
542 1842 580 1886 so
603 1823 777 1905 geminare
799 1822 965 1905 gestierat
977 1822 1130 1890 decrevit
1142 1824 1179 1887 in

232 1921 318 2000 dies,
334 1931 370 1987 et
391 1922 426 1986 id
446 1923 477 1987 ei
500 1925 646 1988 accessit
669 1923 713 1987 ad
732 1922 819 2007 juge
840 1924 1029 1987 cauterium
1044 1924 1178 1987 consci-

187 2037 218 2084 15
233 2025 348 2101 entiae,
370 2023 463 2107 quod
487 2032 522 2089 et
542 2024 616 2088 lixa
638 2024 730 2106 regis
749 2021 944 2105 Anglorum
967 2022 1178 2106 splendidius

232 2124 376 2202 viveret,
399 2144 503 2207 quam
525 2124 690 2207 pincerna
718 2123 941 2189 Francorum.
995 2123 1083 2190 Post
1105 2123 1178 2188 dies

230 2225 365 2308 aliquot
376 2225 532 2290 confictae
546 2233 629 2290 sunt
641 2225 678 2290 in
693 2224 850 2288 cubiculo
861 2225 953 2306 regis
966 2224 1178 2290 Francorum

231 2325 352 2404 literae,
368 2327 503 2408 quibus,
518 2327 614 2390 velut
632 2347 654 2390 a
667 2326 886 2408 magnatibus
908 2326 980 2389 suis
1003 2345 1049 2389 ex
1065 2324 1177 2388 Fran·

231 2427 287 2490 oia
307 2428 432 2504 missis,
446 2447 510 2490 rex
531 2434 750 2492 revocaretur
763 2427 800 2491 in
816 2425 1010 2490 Franciam.
1062 2425 1179 2491 Causa

185 2543 219 2592 ao
232 2529 449 2610 supponitur,
474 2547 551 2610 quae
573 2529 652 2611 plus
675 2528 799 2593 debeat
813 2547 917 2610 quam
933 2527 1031 2612 justa
1045 2526 1176 2608 videri3

231 2629 447 2710 unigenitum
462 2648 563 2693 suum
583 2636 663 2712 post
676 2628 846 2714 diutinam
859 2629 1085 2693 valitudinem
1102 2628 1177 2713 jam

230 2729 449 2812 desperatum
472 2750 494 2794 a
514 2730 667 2808 medicis
691 2728 873 2793 Franciam
892 2728 1113 2795 desolandam
1135 2729 1177 2806 si,

230 2830 364 2912 perdito
389 2831 543 2913 pignore,
563 2838 663 2914 pater
686 2828 796 2918 (quod
822 2831 997 2912 contigere
1022 2825 1178 2912 poterat)

230 2932 358 3012 periret
378 2932 415 2995 in
437 2938 530 2996 terra
545 2931 669 2995 aliena.
722 2930 856 2995 Habito
878 2931 986 3013 igitur
1004 2948 1108 3012 super
1123 2929 1176 2992 his

184 3053 217 3097 as
230 3030 321 3096 inter
344 3053 443 3115 reges
468 3034 587 3098 crebro
610 3032 794 3114 colloquio,
819 3051 897 3095 oum
922 3037 1014 3094 esset
1031 3037 1176 3112 uterque

230 3152 377 3216 magnus
405 3142 441 3198 et
468 3151 538 3197 non
566 3139 709 3216 possent
746 3131 903 3194 habitare
939 3131 1176 3209 communiter,

230 3230 407 3298 Abraham
429 3241 638 3310 remanente,
661 3232 803 3296 recessit
824 3232 930 3295 ab'eo
952 3229 1055 3294 Loth.
1079 3229 1176 3294 Prae-

230 3335 320 3398 stitit
333 3336 437 3399 etiam
450 3354 513 3398 rex
530 3334 740 3399 Francorum
753 3351 815 3414 per
828 3332 992 3414 primates
1007 3349 1089 3394 suos
1104 3331 1178 3412 regi

231 3427 425 3518 Anglorum
435 3435 641 3521 juratoriam
657 3434 852 3498 cautionem
875 3452 939 3516 pro
962 3432 1027 3496 sibi
1049 3438 1085 3496 et
1106 3431 1177 3496 suis

185 3555 217 3600 eo
230 3537 383 3618 qualibet
395 3538 620 3601 indemnitate
641 3535 823 3613 servanda,
843 3534 952 3600 doneo
974 3533 1011 3598 in
1032 3552 1177 3616 regnum

230 3657 331 3702 snum
346 3643 575 3702 reverteretur
589 3636 623 3699 in
641 3656 739 3720 pace.

281 3738 370 3822 §70.
394 3736 568 3801 Concessa
588 3745 643 3801 est
665 3737 742 3820 ipsa
764 3735 819 3799 die
843 3743 878 3800 et
900 3736 1061 3800 instituta
1082 3753 1175 3797 com·
1188 3748 1285 3839 yopyyp
1305 3750 1328 3788 ιι

229 3839 347 3903 munia
375 3837 680 3915 Londoniensium,
712 3838 749 3900 in
785 3854 855 3916 qua
889 3835 1040 3898 universi
1077 3834 1176 3915 regni
1275 3825 1282 3840 '
1336 3844 1340 3848 ’

228 3945 409 4020 magnates
431 3947 466 4003 et
488 3939 555 4021 ipsi
574 3939 678 4003 etiam
701 3935 809 4019 ipsius
823 3935 1009 4017 provinciae
1023 3934 1177 4017 episcopi

184 4060 214 4106 as
224 4037 344 4124 jurare
366 4047 548 4122 coguntur.
602 4039 707 4104 Nunc
731 4035 878 4119 primum
901 4034 937 4097 in
962 4034 1096 4098 indulta
1111 4035 1178 4098 sibi

229 4140 467 4224 conjuratione
490 4159 597 4223 regno
619 4157 734 4221 regem
758 4136 877 4200 deesse
899 4134 1062 4217 cognovit
1085 4134 1177 4199 Lon-

229 4239 344 4321 donia,
358 4262 462 4328 quam
485 4261 548 4305 nec
569 4261 632 4306 rex
655 4240 730 4326 ipse
751 4236 935 4315 Ricardns,
959 4255 1023 4301 nec
1046 4235 1178 4318 praede-
