<?xml version="1.0" encoding="UTF-8"?>
<!DOCTYPE html PUBLIC "-//W3C//DTD XHTML 1.0 Transitional//EN"
    "http://www.w3.org/TR/xhtml1/DTD/xhtml1-transitional.dtd">
<html xmlns="http://www.w3.org/1999/xhtml" xml:lang="en" lang="en">
 <head>
  <title>
</title>
<meta http-equiv="Content-Type" content="text/html;charset=utf-8" />
  <meta name='ocr-system' content='tesseract 3.04.00' />
  <meta name='ocr-capabilities' content='ocr_page ocr_carea ocr_par ocr_line ocrx_word'/>
</head>
<body>
  <div class='ocr_page' id='page_1' title='image "./chroniconricard00stevgoog_0035.png"; bbox 0 0 3208 5036; ppageno 0'>
   <div class='ocr_carea' id='block_1_1' title="bbox 418 439 1100 504">
    <p class='ocr_par' dir='ltr' id='par_1_1' title="bbox 418 439 1100 504">
     <span class='ocr_line' id='line_1_1' title="bbox 418 439 1100 504; baseline -0.001 -3"><span class='ocrx_word' id='word_1_1' title='bbox 418 439 461 504; x_wconf 81' lang='lat' dir='ltr'>lli</span> <span class='ocrx_word' id='word_1_2' title='bbox 675 453 860 501; x_wconf 70' lang='lat' dir='ltr'>molanus</span> <span class='ocrx_word' id='word_1_3' title='bbox 884 453 1100 502; x_wconf 79' lang='lat' dir='ltr'>o1v1s1u1vs1s</span> 
     </span>
    </p>
   </div>
   <div class='ocr_carea' id='block_1_2' title="bbox 254 611 1596 4001">
    <p class='ocr_par' dir='ltr' id='par_1_2' title="bbox 254 611 1407 1280">
     <span class='ocr_line' id='line_1_2' title="bbox 254 611 1365 694; baseline -0.002 -18"><span class='ocrx_word' id='word_1_4' title='bbox 254 627 404 677; x_wconf 82' lang='lat' dir='ltr'>A.D.11oo.</span> <span class='ocrx_word' id='word_1_5' title='bbox 419 613 574 678; x_wconf 84' lang='lat' dir='ltr'>Francus</span> <span class='ocrx_word' id='word_1_6' title='bbox 597 631 690 676; x_wconf 88' lang='lat' dir='ltr'>mare</span> <span class='ocrx_word' id='word_1_7' title='bbox 715 631 886 675; x_wconf 89' lang='lat' dir='ltr'>nauseans</span> <span class='ocrx_word' id='word_1_8' title='bbox 910 631 971 694; x_wconf 92' lang='lat' dir='ltr'>per</span> <span class='ocrx_word' id='word_1_9' title='bbox 995 619 1121 674; x_wconf 88' lang='lat' dir='ltr'>terram</span> <span class='ocrx_word' id='word_1_10' title='bbox 1145 611 1256 674; x_wconf 89' lang='lat' dir='ltr'>tendit</span> <span class='ocrx_word' id='word_1_11' title='bbox 1280 611 1365 674; x_wconf 88' lang='lat' dir='ltr'>Sici-</span> 
     </span>
     <span class='ocr_line' id='line_1_3' title="bbox 415 712 1365 795; baseline -0.003 -18"><span class='ocrx_word' id='word_1_12' title='bbox 415 714 509 792; x_wconf 90' lang='lat' dir='ltr'>liam,</span> <span class='ocrx_word' id='word_1_13' title='bbox 521 712 659 794; x_wconf 85' lang='lat' dir='ltr'>Anglus</span> <span class='ocrx_word' id='word_1_14' title='bbox 674 714 785 776; x_wconf 90' lang='lat' dir='ltr'>iturus</span> <span class='ocrx_word' id='word_1_15' title='bbox 799 733 860 795; x_wconf 88' lang='lat' dir='ltr'>per</span> <span class='ocrx_word' id='word_1_16' title='bbox 874 731 999 793; x_wconf 90' lang='lat' dir='ltr'>aquam</span> <span class='ocrx_word' id='word_1_17' title='bbox 1015 712 1110 775; x_wconf 91' lang='lat' dir='ltr'>venit</span> <span class='ocrx_word' id='word_1_18' title='bbox 1124 719 1246 774; x_wconf 89' lang='lat' dir='ltr'>contra</span> <span class='ocrx_word' id='word_1_19' title='bbox 1259 731 1365 775; x_wconf 88' lang='lat' dir='ltr'>naves</span> 
     </span>
     <span class='ocr_line' id='line_1_4' title="bbox 416 810 1364 893; baseline -0.005 -14"><span class='ocrx_word' id='word_1_20' title='bbox 416 834 497 879; x_wconf 87' lang='lat' dir='ltr'>suas</span> <span class='ocrx_word' id='word_1_21' title='bbox 508 813 711 877; x_wconf 84' lang='lat' dir='ltr'>Massiliam.</span> <span class='ocrx_word' id='word_1_22' title='bbox 750 812 972 877; x_wconf 86' lang='lat' dir='ltr'>Baldewinus</span> <span class='ocrx_word' id='word_1_23' title='bbox 984 810 1261 893; x_wconf 84' lang='lat' dir='ltr'>archiepiscopus</span> <span class='ocrx_word' id='word_1_24' title='bbox 1272 810 1364 874; x_wconf 86' lang='lat' dir='ltr'>Can-</span> 
     </span>
     <span class='ocr_line' id='line_1_5' title="bbox 416 910 1364 995; baseline -0.005 -16"><span class='ocrx_word' id='word_1_25' title='bbox 416 916 538 980; x_wconf 88' lang='lat' dir='ltr'>tuariae</span> <span class='ocrx_word' id='word_1_26' title='bbox 553 922 589 978; x_wconf 87' lang='lat' dir='ltr'>et</span> <span class='ocrx_word' id='word_1_27' title='bbox 598 913 783 978; x_wconf 87' lang='lat' dir='ltr'>Hubertus</span> <span class='ocrx_word' id='word_1_28' title='bbox 793 913 941 977; x_wconf 89' lang='lat' dir='ltr'>Walteri</span> <span class='ocrx_word' id='word_1_29' title='bbox 957 913 1137 995; x_wconf 88' lang='lat' dir='ltr'>episcopus</span> <span class='ocrx_word' id='word_1_30' title='bbox 1152 910 1364 989; x_wconf 85' lang='lat' dir='ltr'>Saresbiriae,</span> 
     </span>
     <span class='ocr_line' id='line_1_6' title="bbox 415 1012 1407 1095; baseline -0.003 -17"><span class='ocrx_word' id='word_1_31' title='bbox 415 1015 481 1079; x_wconf 93' lang='lat' dir='ltr'>soli</span> <span class='ocrx_word' id='word_1_32' title='bbox 508 1035 553 1078; x_wconf 83' lang='lat' dir='ltr'>ex</span> <span class='ocrx_word' id='word_1_33' title='bbox 583 1015 730 1078; x_wconf 90' lang='lat' dir='ltr'>mitratis</span> <span class='ocrx_word' id='word_1_34' title='bbox 764 1015 871 1079; x_wconf 91' lang='lat' dir='ltr'>totius</span> <span class='ocrx_word' id='word_1_35' title='bbox 900 1012 1039 1095; x_wconf 84' lang='lat' dir='ltr'>Angliee</span> <span class='ocrx_word' id='word_1_36' title='bbox 1070 1012 1143 1075; x_wconf 94' lang='lat' dir='ltr'>voti</span> <span class='ocrx_word' id='word_1_37' title='bbox 1177 1020 1362 1094; x_wconf 89' lang='lat' dir='ltr'>compotes,</span> <span class='ocrx_word' id='word_1_38' title='bbox 1393 1033 1407 1075; x_wconf 83' lang='lat'>5</span> 
     </span>
     <span class='ocr_line' id='line_1_7' title="bbox 416 1113 1362 1197; baseline -0.003 -19"><span class='ocrx_word' id='word_1_39' title='bbox 416 1135 531 1197; x_wconf 84' lang='lat' dir='ltr'>regem</span> <span class='ocrx_word' id='word_1_40' title='bbox 558 1121 750 1197; x_wconf 90' lang='lat' dir='ltr'>sequuntur</span> <span class='ocrx_word' id='word_1_41' title='bbox 776 1117 813 1178; x_wconf 87' lang='lat' dir='ltr'>in</span> <span class='ocrx_word' id='word_1_42' title='bbox 841 1114 993 1178; x_wconf 88' lang='lat' dir='ltr'>Siciliam</span> <span class='ocrx_word' id='word_1_43' title='bbox 1020 1120 1055 1177; x_wconf 87' lang='lat' dir='ltr'>et</span> <span class='ocrx_word' id='word_1_44' title='bbox 1083 1113 1302 1194; x_wconf 86' lang='lat' dir='ltr'>praeveniunt</span> <span class='ocrx_word' id='word_1_45' title='bbox 1327 1113 1362 1175; x_wconf 88' lang='lat' dir='ltr'>in</span> 
     </span>
     <span class='ocr_line' id='line_1_8' title="bbox 415 1215 663 1280; baseline -0.008 0"><span class='ocrx_word' id='word_1_46' title='bbox 415 1222 542 1280; x_wconf 86' lang='lat' dir='ltr'>terram</span> <span class='ocrx_word' id='word_1_47' title='bbox 558 1215 663 1279; x_wconf 81' lang='lat' dir='ltr'>luda.</span> 
     </span>
    </p>

    <p class='ocr_par' dir='ltr' id='par_1_3' title="bbox 413 1312 1596 1698">
     <span class='ocr_line' id='line_1_9' title="bbox 466 1312 1362 1399; baseline -0.003 -20"><span class='ocrx_word' id='word_1_48' title='bbox 466 1316 543 1399; x_wconf 69' lang='lat' dir='ltr'>§la</span> <span class='ocrx_word' id='word_1_49' title='bbox 552 1313 968 1379; x_wconf 87' lang='lat' dir='ltr'>MonachiCluniacenses</span> <span class='ocrx_word' id='word_1_50' title='bbox 979 1331 1048 1378; x_wconf 90' lang='lat' dir='ltr'>nou</span> <span class='ocrx_word' id='word_1_51' title='bbox 1058 1321 1312 1376; x_wconf 88' lang='lat' dir='ltr'>consueverunt</span> <span class='ocrx_word' id='word_1_52' title='bbox 1320 1312 1362 1376; x_wconf 92' lang='lat' dir='ltr'>de</span> 
     </span>
     <span class='ocr_line' id='line_1_10' title="bbox 413 1412 1596 1498; baseline 0.001 -21"><span class='ocrx_word' id='word_1_53' title='bbox 413 1417 620 1498; x_wconf 85' lang='lat' dir='ltr'>prioratibus</span> <span class='ocrx_word' id='word_1_54' title='bbox 636 1422 671 1478; x_wconf 88' lang='lat' dir='ltr'>et</span> <span class='ocrx_word' id='word_1_55' title='bbox 685 1414 945 1495; x_wconf 85' lang='lat' dir='ltr'>magistratibus</span> <span class='ocrx_word' id='word_1_56' title='bbox 965 1412 1036 1475; x_wconf 89' lang='lat' dir='ltr'>suis</span> <span class='ocrx_word' id='word_1_57' title='bbox 1056 1431 1157 1494; x_wconf 87' lang='lat' dir='ltr'>prece</span> <span class='ocrx_word' id='word_1_58' title='bbox 1175 1413 1232 1476; x_wconf 91' lang='lat' dir='ltr'>vel</span> <span class='ocrx_word' id='word_1_59' title='bbox 1251 1415 1362 1495; x_wconf 90' lang='lat' dir='ltr'>pretio</span> <span class='ocrx_word' id='word_1_60' title='bbox 1595 1429 1596 1478; x_wconf 74' lang='lat' dir='ltr'>i</span> 
     </span>
     <span class='ocr_line' id='line_1_11' title="bbox 413 1512 1406 1597; baseline -0.008 -19"><span class='ocrx_word' id='word_1_61' title='bbox 413 1516 615 1580; x_wconf 89' lang='lat' dir='ltr'>seinvicem</span> <span class='ocrx_word' id='word_1_62' title='bbox 639 1515 874 1597; x_wconf 77' lang='lat' dir='ltr'>supplantare,</span> <span class='ocrx_word' id='word_1_63' title='bbox 897 1519 1072 1576; x_wconf 89' lang='lat' dir='ltr'>ettamen</span> <span class='ocrx_word' id='word_1_64' title='bbox 1095 1512 1220 1594; x_wconf 91' lang='lat' dir='ltr'>aliquis</span> <span class='ocrx_word' id='word_1_65' title='bbox 1243 1532 1361 1577; x_wconf 91' lang='lat' dir='ltr'>eorum</span> <span class='ocrx_word' id='word_1_66' title='bbox 1375 1527 1406 1571; x_wconf 84' lang='grc' dir='ltr'>ιο</span> 
     </span>
     <span class='ocr_line' id='line_1_12' title="bbox 413 1613 1361 1698; baseline -0.002 -20"><span class='ocrx_word' id='word_1_67' title='bbox 413 1615 599 1698; x_wconf 87' lang='lat' dir='ltr'>aliquando</span> <span class='ocrx_word' id='word_1_68' title='bbox 630 1614 759 1697; x_wconf 91' lang='lat' dir='ltr'>aliquid</span> <span class='ocrx_word' id='word_1_69' title='bbox 784 1613 981 1679; x_wconf 85' lang='lat' dir='ltr'>attemtavit</span> <span class='ocrx_word' id='word_1_70' title='bbox 1006 1613 1186 1697; x_wconf 89' lang='lat' dir='ltr'>ejusmodi,</span> <span class='ocrx_word' id='word_1_71' title='bbox 1214 1613 1305 1696; x_wconf 90' lang='lat' dir='ltr'>quod</span> <span class='ocrx_word' id='word_1_72' title='bbox 1326 1621 1361 1677; x_wconf 86' lang='lat' dir='ltr'>et</span> 
     </span>
    </p>

    <p class='ocr_par' dir='ltr' id='par_1_4' title="bbox 413 1713 1361 1797">
     <span class='ocr_line' id='line_1_13' title="bbox 413 1713 1361 1797; baseline 0 -20"><span class='ocrx_word' id='word_1_73' title='bbox 413 1715 519 1797; x_wconf 85' lang='lat' dir='ltr'>digna</span> <span class='ocrx_word' id='word_1_74' title='bbox 545 1716 693 1780; x_wconf 92' lang='lat' dir='ltr'>vidimus</span> <span class='ocrx_word' id='word_1_75' title='bbox 721 1714 1017 1779; x_wconf 87' lang='lat' dir='ltr'>animadversione</span> <span class='ocrx_word' id='word_1_76' title='bbox 1044 1714 1213 1794; x_wconf 88' lang='lat' dir='ltr'>punitum.</span> <span class='ocrx_word' id='word_1_77' title='bbox 1275 1713 1361 1778; x_wconf 85' lang='lat' dir='ltr'>Erat</span> 
     </span>
    </p>

    <p class='ocr_par' dir='ltr' id='par_1_5' title="bbox 412 1812 1359 1897">
     <span class='ocr_line' id='line_1_14' title="bbox 412 1812 1359 1897; baseline -0.001 -19"><span class='ocrx_word' id='word_1_78' title='bbox 412 1816 552 1897; x_wconf 87' lang='lat' dir='ltr'>quidam</span> <span class='ocrx_word' id='word_1_79' title='bbox 574 1817 628 1880; x_wconf 92' lang='lat' dir='ltr'>vir</span> <span class='ocrx_word' id='word_1_80' title='bbox 651 1815 856 1880; x_wconf 87' lang='lat' dir='ltr'>venerabilis</span> <span class='ocrx_word' id='word_1_81' title='bbox 878 1814 973 1896; x_wconf 88' lang='lat' dir='ltr'>prior</span> <span class='ocrx_word' id='word_1_82' title='bbox 988 1813 1121 1877; x_wconf 90' lang='lat' dir='ltr'>Montis</span> <span class='ocrx_word' id='word_1_83' title='bbox 1136 1812 1242 1878; x_wconf 84' lang='lat' dir='ltr'>Acuti</span> <span class='ocrx_word' id='word_1_84' title='bbox 1265 1821 1359 1877; x_wconf 92' lang='lat' dir='ltr'>totus</span> 
     </span>
    </p>

    <p class='ocr_par' dir='ltr' id='par_1_6' title="bbox 412 1911 1596 1998">
     <span class='ocr_line' id='line_1_15' title="bbox 412 1911 1596 1998; baseline -0.001 -20"><span class='ocrx_word' id='word_1_85' title='bbox 412 1935 457 1978; x_wconf 84' lang='lat' dir='ltr'>ex</span> <span class='ocrx_word' id='word_1_86' title='bbox 481 1917 666 1981; x_wconf 89' lang='lat' dir='ltr'>virtutibus</span> <span class='ocrx_word' id='word_1_87' title='bbox 693 1915 817 1992; x_wconf 69' lang='lat' dir='ltr'>factus</span> <span class='ocrx_word' id='word_1_88' title='bbox 854 1914 1033 1979; x_wconf 80' lang='lat' dir='ltr'>locelinus</span> <span class='ocrx_word' id='word_1_89' title='bbox 1061 1915 1209 1990; x_wconf 90' lang='lat' dir='ltr'>nomine,</span> <span class='ocrx_word' id='word_1_90' title='bbox 1232 1914 1268 1977; x_wconf 93' lang='lat' dir='ltr'>in</span> <span class='ocrx_word' id='word_1_91' title='bbox 1291 1934 1359 1996; x_wconf 93' lang='lat' dir='ltr'>quo</span> <span class='ocrx_word' id='word_1_92' title='bbox 1595 1911 1596 1998; x_wconf 62' lang='lat' dir='ltr'>i</span> 
     </span>
    </p>

    <p class='ocr_par' dir='ltr' id='par_1_7' title="bbox 412 1999 1596 2098">
     <span class='ocr_line' id='line_1_16' title="bbox 412 2012 1402 2081; baseline -0.005 -2"><span class='ocrx_word' id='word_1_93' title='bbox 412 2016 498 2079; x_wconf 91' lang='lat' dir='ltr'>nihil</span> <span class='ocrx_word' id='word_1_94' title='bbox 506 2018 573 2080; x_wconf 90' lang='lat' dir='ltr'>nisi</span> <span class='ocrx_word' id='word_1_95' title='bbox 584 2016 852 2081; x_wconf 83' lang='lat' dir='ltr'>commendabile</span> <span class='ocrx_word' id='word_1_96' title='bbox 861 2034 1028 2078; x_wconf 77' lang='lat' dir='ltr'>cerneres,</span> <span class='ocrx_word' id='word_1_97' title='bbox 1081 2012 1139 2077; x_wconf 90' lang='lat' dir='ltr'>Ad</span> <span class='ocrx_word' id='word_1_98' title='bbox 1149 2014 1240 2077; x_wconf 91' lang='lat' dir='ltr'>hunc</span> <span class='ocrx_word' id='word_1_99' title='bbox 1253 2014 1358 2078; x_wconf 89' lang='lat' dir='ltr'>talem</span> <span class='ocrx_word' id='word_1_100' title='bbox 1372 2031 1402 2074; x_wconf 83' lang='lat'>15</span> 
     </span>
    </p>

    <p class='ocr_par' dir='ltr' id='par_1_8' title="bbox 411 2113 1596 2199">
     <span class='ocr_line' id='line_1_17' title="bbox 411 2113 1596 2199; baseline 0 -21"><span class='ocrx_word' id='word_1_101' title='bbox 411 2117 704 2199; x_wconf 88' lang='lat' dir='ltr'>supplantandum</span> <span class='ocrx_word' id='word_1_102' title='bbox 719 2116 815 2180; x_wconf 89' lang='lat' dir='ltr'>venit</span> <span class='ocrx_word' id='word_1_103' title='bbox 829 2115 980 2198; x_wconf 90' lang='lat' dir='ltr'>quidam,</span> <span class='ocrx_word' id='word_1_104' title='bbox 999 2113 1097 2198; x_wconf 90' lang='lat' dir='ltr'>cujus</span> <span class='ocrx_word' id='word_1_105' title='bbox 1113 2134 1183 2177; x_wconf 90' lang='lat' dir='ltr'>non</span> <span class='ocrx_word' id='word_1_106' title='bbox 1198 2133 1285 2196; x_wconf 93' lang='lat' dir='ltr'>opus</span> <span class='ocrx_word' id='word_1_107' title='bbox 1303 2123 1357 2179; x_wconf 87' lang='lat' dir='ltr'>est</span> <span class='ocrx_word' id='word_1_108' title='bbox 1595 2131 1596 2184; x_wconf 50' lang='grc' dir='ltr'>ζ</span> 
     </span>
    </p>

    <p class='ocr_par' dir='ltr' id='par_1_9' title="bbox 409 2199 1596 2501">
     <span class='ocr_line' id='line_1_18' title="bbox 411 2199 1596 2294; baseline -0.003 -15"><span class='ocrx_word' id='word_1_109' title='bbox 411 2216 523 2280; x_wconf 91' lang='lat' dir='ltr'>dicere</span> <span class='ocrx_word' id='word_1_110' title='bbox 547 2237 683 2294; x_wconf 88' lang='lat' dir='ltr'>nomen,</span> <span class='ocrx_word' id='word_1_111' title='bbox 702 2235 792 2279; x_wconf 90' lang='lat' dir='ltr'>unus</span> <span class='ocrx_word' id='word_1_112' title='bbox 813 2236 858 2279; x_wconf 84' lang='lat' dir='ltr'>ex</span> <span class='ocrx_word' id='word_1_113' title='bbox 877 2216 949 2278; x_wconf 89' lang='lat' dir='ltr'>suis</span> <span class='ocrx_word' id='word_1_114' title='bbox 969 2214 1064 2278; x_wconf 88' lang='lat' dir='ltr'>falsis</span> <span class='ocrx_word' id='word_1_115' title='bbox 1085 2214 1260 2292; x_wconf 70' lang='lat' dir='ltr'>fratribus</span> <span class='ocrx_word' id='word_1_116' title='bbox 1278 2234 1356 2277; x_wconf 91' lang='lat' dir='ltr'>cum</span> <span class='ocrx_word' id='word_1_117' title='bbox 1595 2199 1596 2220; x_wconf 57' lang='lat'><em>³</em></span> 
     </span>
     <span class='ocr_line' id='line_1_19' title="bbox 409 2227 1596 2397; baseline 0.003 -18"><span class='ocrx_word' id='word_1_118' title='bbox 409 2316 519 2382; x_wconf 89' lang='lat' dir='ltr'>literis</span> <span class='ocrx_word' id='word_1_119' title='bbox 558 2318 693 2381; x_wconf 85' lang='lat' dir='ltr'>abbatis</span> <span class='ocrx_word' id='word_1_120' title='bbox 730 2315 967 2380; x_wconf 83' lang='lat' dir='ltr'>Cluniacensis</span> <span class='ocrx_word' id='word_1_121' title='bbox 1004 2333 1073 2397; x_wconf 89' lang='lat' dir='ltr'>qua</span> <span class='ocrx_word' id='word_1_122' title='bbox 1108 2322 1245 2396; x_wconf 90' lang='lat' dir='ltr'>poterat</span> <span class='ocrx_word' id='word_1_123' title='bbox 1281 2323 1355 2378; x_wconf 87' lang='lat' dir='ltr'>arte</span> <span class='ocrx_word' id='word_1_124' title='bbox 1594 2227 1596 2382; x_wconf 67' lang='lat' dir='ltr'>i</span> 
     </span>
     <span class='ocr_line' id='line_1_20' title="bbox 410 2415 1356 2501; baseline -0.003 -20"><span class='ocrx_word' id='word_1_125' title='bbox 410 2420 576 2499; x_wconf 69' lang='lat' dir='ltr'>quaesitis</span> <span class='ocrx_word' id='word_1_126' title='bbox 601 2419 724 2500; x_wconf 91' lang='lat' dir='ltr'>quibus</span> <span class='ocrx_word' id='word_1_127' title='bbox 742 2417 930 2501; x_wconf 89' lang='lat' dir='ltr'>jubebatur</span> <span class='ocrx_word' id='word_1_128' title='bbox 956 2423 996 2478; x_wconf 91' lang='lat' dir='ltr'>ut</span> <span class='ocrx_word' id='word_1_129' title='bbox 1019 2416 1113 2498; x_wconf 91' lang='lat' dir='ltr'>prior</span> <span class='ocrx_word' id='word_1_130' title='bbox 1133 2415 1356 2496; x_wconf 83' lang='lat' dir='ltr'>praesentium</span> 
     </span>
    </p>

    <p class='ocr_par' dir='ltr' id='par_1_10' title="bbox 409 2515 1401 2698">
     <span class='ocr_line' id='line_1_21' title="bbox 409 2515 1401 2602; baseline 0.003 -23"><span class='ocrx_word' id='word_1_131' title='bbox 409 2517 512 2602; x_wconf 91' lang='lat' dir='ltr'>latori</span> <span class='ocrx_word' id='word_1_132' title='bbox 534 2518 682 2594; x_wconf 89' lang='lat' dir='ltr'>cederet,</span> <span class='ocrx_word' id='word_1_133' title='bbox 707 2524 742 2580; x_wconf 92' lang='lat' dir='ltr'>et</span> <span class='ocrx_word' id='word_1_134' title='bbox 764 2516 987 2598; x_wconf 84' lang='lat' dir='ltr'>congregatio</span> <span class='ocrx_word' id='word_1_135' title='bbox 1010 2535 1088 2578; x_wconf 91' lang='lat' dir='ltr'>eum</span> <span class='ocrx_word' id='word_1_136' title='bbox 1110 2515 1300 2597; x_wconf 89' lang='lat' dir='ltr'>susciperet</span> <span class='ocrx_word' id='word_1_137' title='bbox 1321 2517 1401 2584; x_wconf 78' lang='lat' dir='ltr'>ineo</span> 
     </span>
     <span class='ocr_line' id='line_1_22' title="bbox 409 2616 1357 2698; baseline 0.002 -20"><span class='ocrx_word' id='word_1_138' title='bbox 409 2618 602 2698; x_wconf 83' lang='lat' dir='ltr'>praelatum.</span> <span class='ocrx_word' id='word_1_139' title='bbox 656 2616 834 2680; x_wconf 88' lang='lat' dir='ltr'>Praenovit</span> <span class='ocrx_word' id='word_1_140' title='bbox 869 2617 963 2698; x_wconf 91' lang='lat' dir='ltr'>prior</span> <span class='ocrx_word' id='word_1_141' title='bbox 999 2636 1062 2697; x_wconf 93' lang='lat' dir='ltr'>per</span> <span class='ocrx_word' id='word_1_142' title='bbox 1088 2616 1238 2697; x_wconf 85' lang='lat' dir='ltr'>aliquem</span> <span class='ocrx_word' id='word_1_143' title='bbox 1275 2617 1357 2697; x_wconf 91' lang='lat' dir='ltr'>quid</span> 
     </span>
    </p>

    <p class='ocr_par' dir='ltr' id='par_1_11' title="bbox 409 2716 1357 2800">
     <span class='ocr_line' id='line_1_23' title="bbox 409 2716 1357 2800; baseline 0 -21"><span class='ocrx_word' id='word_1_144' title='bbox 409 2718 530 2781; x_wconf 91' lang='lat' dir='ltr'>mercis</span> <span class='ocrx_word' id='word_1_145' title='bbox 559 2718 755 2800; x_wconf 85' lang='lat' dir='ltr'>negotiator</span> <span class='ocrx_word' id='word_1_146' title='bbox 782 2736 936 2799; x_wconf 85' lang='lat' dir='ltr'>quaerere</span> <span class='ocrx_word' id='word_1_147' title='bbox 969 2723 1122 2792; x_wconf 87' lang='lat' dir='ltr'>venerat,</span> <span class='ocrx_word' id='word_1_148' title='bbox 1152 2716 1255 2793; x_wconf 87' lang='lat' dir='ltr'>unde,</span> <span class='ocrx_word' id='word_1_149' title='bbox 1288 2737 1357 2780; x_wconf 90' lang='lat' dir='ltr'>non</span> 
     </span>
    </p>

    <p class='ocr_par' dir='ltr' id='par_1_12' title="bbox 407 2816 1356 2901">
     <span class='ocr_line' id='line_1_24' title="bbox 407 2816 1356 2901; baseline -0.001 -20"><span class='ocrx_word' id='word_1_150' title='bbox 407 2826 609 2901; x_wconf 85' lang='lat' dir='ltr'>exspectato</span> <span class='ocrx_word' id='word_1_151' title='bbox 631 2817 807 2894; x_wconf 87' lang='lat' dir='ltr'>mandato,</span> <span class='ocrx_word' id='word_1_152' title='bbox 821 2816 936 2880; x_wconf 91' lang='lat' dir='ltr'>sedem</span> <span class='ocrx_word' id='word_1_153' title='bbox 951 2817 1113 2880; x_wconf 89' lang='lat' dir='ltr'>vacuavit</span> <span class='ocrx_word' id='word_1_154' title='bbox 1134 2817 1171 2879; x_wconf 91' lang='lat' dir='ltr'>in</span> <span class='ocrx_word' id='word_1_155' title='bbox 1193 2816 1356 2898; x_wconf 89' lang='lat' dir='ltr'>capitulo,</span> 
     </span>
    </p>

    <p class='ocr_par' dir='ltr' id='par_1_13' title="bbox 406 2914 1354 3000">
     <span class='ocr_line' id='line_1_25' title="bbox 406 2914 1354 3000; baseline -0.001 -19"><span class='ocrx_word' id='word_1_156' title='bbox 406 2927 578 3000; x_wconf 88' lang='lat' dir='ltr'>praesente</span> <span class='ocrx_word' id='word_1_157' title='bbox 601 2925 786 2994; x_wconf 89' lang='lat' dir='ltr'>conventu,</span> <span class='ocrx_word' id='word_1_158' title='bbox 801 2924 836 2981; x_wconf 92' lang='lat' dir='ltr'>et</span> <span class='ocrx_word' id='word_1_159' title='bbox 859 2918 908 2981; x_wconf 92' lang='lat' dir='ltr'>ait</span> <span class='ocrx_word' id='word_1_160' title='bbox 929 2917 991 2993; x_wconf 90' lang='lat' dir='ltr'>illi,</span> <span class='ocrx_word' id='word_1_161' title='bbox 1021 2914 1173 2994; x_wconf 74' lang='lat' dir='ltr'>‘Amice</span> <span class='ocrx_word' id='word_1_162' title='bbox 1197 2916 1241 2980; x_wconf 87' lang='lat' dir='ltr'>ad</span> <span class='ocrx_word' id='word_1_163' title='bbox 1264 2917 1354 2998; x_wconf 93' lang='lat' dir='ltr'>quod</span> 
     </span>
    </p>

    <p class='ocr_par' dir='ltr' id='par_1_14' title="bbox 406 3017 1398 3099">
     <span class='ocr_line' id='line_1_26' title="bbox 406 3017 1398 3099; baseline -0.003 -17"><span class='ocrx_word' id='word_1_164' title='bbox 406 3020 532 3083; x_wconf 90' lang='lat' dir='ltr'>venisti</span> <span class='ocrx_word' id='word_1_165' title='bbox 543 3020 569 3083; x_wconf 77' lang='lat' dir='ltr'>l’</span> <span class='ocrx_word' id='word_1_166' title='bbox 622 3019 694 3081; x_wconf 90' lang='lat' dir='ltr'>Diu</span> <span class='ocrx_word' id='word_1_167' title='bbox 707 3018 765 3081; x_wconf 92' lang='lat' dir='ltr'>ille</span> <span class='ocrx_word' id='word_1_168' title='bbox 780 3025 944 3094; x_wconf 88' lang='lat' dir='ltr'>moratus,</span> <span class='ocrx_word' id='word_1_169' title='bbox 959 3025 1000 3081; x_wconf 89' lang='lat' dir='ltr'>ut</span> <span class='ocrx_word' id='word_1_170' title='bbox 1012 3017 1104 3098; x_wconf 94' lang='lat' dir='ltr'>quod</span> <span class='ocrx_word' id='word_1_171' title='bbox 1117 3037 1238 3099; x_wconf 89' lang='lat' dir='ltr'>rapere</span> <span class='ocrx_word' id='word_1_172' title='bbox 1251 3036 1354 3080; x_wconf 88' lang='lat' dir='ltr'>vene·</span> <span class='ocrx_word' id='word_1_173' title='bbox 1367 3027 1398 3071; x_wconf 81' lang='lat'>2⁵</span> 
     </span>
    </p>

    <p class='ocr_par' dir='ltr' id='par_1_15' title="bbox 406 3117 1356 3208">
     <span class='ocr_line' id='line_1_27' title="bbox 406 3117 1356 3208; baseline -0.001 -26"><span class='ocrx_word' id='word_1_174' title='bbox 406 3126 460 3182; x_wconf 88' lang='lat' dir='ltr'>rat</span> <span class='ocrx_word' id='word_1_175' title='bbox 481 3120 631 3208; x_wconf 91' lang='lat' dir='ltr'>recipere</span> <span class='ocrx_word' id='word_1_176' title='bbox 650 3119 825 3183; x_wconf 91' lang='lat' dir='ltr'>videretur</span> <span class='ocrx_word' id='word_1_177' title='bbox 841 3118 990 3196; x_wconf 82' lang='lat' dir='ltr'>invitus3</span> <span class='ocrx_word' id='word_1_178' title='bbox 1015 3117 1150 3180; x_wconf 89' lang='lat' dir='ltr'>demum</span> <span class='ocrx_word' id='word_1_179' title='bbox 1171 3137 1208 3180; x_wconf 91' lang='lat' dir='ltr'>se</span> <span class='ocrx_word' id='word_1_180' title='bbox 1227 3118 1356 3199; x_wconf 89' lang='lat' dir='ltr'>recepit</span> 
     </span>
    </p>

    <p class='ocr_par' dir='ltr' id='par_1_16' title="bbox 405 3217 1354 3299">
     <span class='ocr_line' id='line_1_28' title="bbox 405 3217 1354 3299; baseline -0.001 -19"><span class='ocrx_word' id='word_1_181' title='bbox 405 3219 441 3281; x_wconf 93' lang='lat' dir='ltr'>in</span> <span class='ocrx_word' id='word_1_182' title='bbox 456 3220 583 3297; x_wconf 89' lang='lat' dir='ltr'>sedem,</span> <span class='ocrx_word' id='word_1_183' title='bbox 598 3227 633 3284; x_wconf 91' lang='lat' dir='ltr'>et</span> <span class='ocrx_word' id='word_1_184' title='bbox 653 3220 816 3283; x_wconf 90' lang='lat' dir='ltr'>contiuuo</span> <span class='ocrx_word' id='word_1_185' title='bbox 835 3218 901 3280; x_wconf 89' lang='lat' dir='ltr'>sibi</span> <span class='ocrx_word' id='word_1_186' title='bbox 918 3219 1125 3299; x_wconf 89' lang='lat' dir='ltr'>imprecatus</span> <span class='ocrx_word' id='word_1_187' title='bbox 1144 3225 1209 3294; x_wconf 88' lang='lat' dir='ltr'>est,</span> <span class='ocrx_word' id='word_1_188' title='bbox 1225 3217 1354 3294; x_wconf 87' lang='lat' dir='ltr'>dicens,</span> 
     </span>
    </p>

    <p class='ocr_par' dir='ltr' id='par_1_17' title="bbox 406 3318 1352 3402">
     <span class='ocr_line' id='line_1_29' title="bbox 406 3318 1352 3402; baseline -0.003 -20"><span class='ocrx_word' id='word_1_189' title='bbox 406 3318 475 3396; x_wconf 81' lang='lat'>‘0,</span> <span class='ocrx_word' id='word_1_190' title='bbox 504 3322 563 3402; x_wconf 92' lang='lat' dir='ltr'>qui</span> <span class='ocrx_word' id='word_1_191' title='bbox 592 3328 760 3402; x_wconf 90' lang='lat' dir='ltr'>perpetua</span> <span class='ocrx_word' id='word_1_192' title='bbox 801 3319 967 3382; x_wconf 91' lang='lat' dir='ltr'>muudum</span> <span class='ocrx_word' id='word_1_193' title='bbox 997 3318 1131 3381; x_wconf 88' lang='lat' dir='ltr'>ratione</span> <span class='ocrx_word' id='word_1_194' title='bbox 1169 3319 1352 3399; x_wconf 70' lang='lat' dir='ltr'>gubernas</span> 
     </span>
    </p>

    <p class='ocr_par' dir='ltr' id='par_1_18' title="bbox 404 3418 1352 3503">
     <span class='ocr_line' id='line_1_30' title="bbox 404 3418 1352 3503; baseline -0.002 -22"><span class='ocrx_word' id='word_1_195' title='bbox 404 3419 504 3503; x_wconf 83' lang='lat' dir='ltr'>cujus</span> <span class='ocrx_word' id='word_1_196' title='bbox 517 3421 553 3483; x_wconf 91' lang='lat' dir='ltr'>in</span> <span class='ocrx_word' id='word_1_197' title='bbox 568 3421 727 3483; x_wconf 90' lang='lat' dir='ltr'>humanis</span> <span class='ocrx_word' id='word_1_198' title='bbox 741 3420 830 3483; x_wconf 90' lang='lat' dir='ltr'>ludit</span> <span class='ocrx_word' id='word_1_199' title='bbox 844 3420 1001 3501; x_wconf 87' lang='lat' dir='ltr'>potentia</span> <span class='ocrx_word' id='word_1_200' title='bbox 1014 3419 1127 3494; x_wconf 76' lang='lat' dir='ltr'>rebuS,</span> <span class='ocrx_word' id='word_1_201' title='bbox 1140 3418 1199 3499; x_wconf 91' lang='lat' dir='ltr'>qui</span> <span class='ocrx_word' id='word_1_202' title='bbox 1209 3418 1352 3499; x_wconf 90' lang='lat' dir='ltr'>deponis</span> 
     </span>
    </p>

    <p class='ocr_par' dir='ltr' id='par_1_19' title="bbox 379 3517 1397 3703">
     <span class='ocr_line' id='line_1_31' title="bbox 403 3517 1397 3601; baseline -0.002 -19"><span class='ocrx_word' id='word_1_203' title='bbox 403 3526 563 3600; x_wconf 90' lang='lat' dir='ltr'>potentes</span> <span class='ocrx_word' id='word_1_204' title='bbox 590 3528 626 3584; x_wconf 90' lang='lat' dir='ltr'>et</span> <span class='ocrx_word' id='word_1_205' title='bbox 654 3519 789 3583; x_wconf 84' lang='lat' dir='ltr'>exaltas</span> <span class='ocrx_word' id='word_1_206' title='bbox 820 3518 977 3595; x_wconf 76' lang='lat' dir='ltr'>humileS,</span> <span class='ocrx_word' id='word_1_207' title='bbox 1008 3517 1103 3601; x_wconf 91' lang='lat' dir='ltr'>juste</span> <span class='ocrx_word' id='word_1_208' title='bbox 1126 3517 1237 3601; x_wconf 85' lang='lat' dir='ltr'>judex</span> <span class='ocrx_word' id='word_1_209' title='bbox 1265 3517 1353 3581; x_wconf 79' lang='lat' dir='ltr'>lesu</span> <span class='ocrx_word' id='word_1_210' title='bbox 1366 3528 1397 3573; x_wconf 74' lang='lat'>³⁰</span> 
     </span>
     <span class='ocr_line' id='line_1_32' title="bbox 379 3617 1352 3703; baseline -0.001 -22"><span class='ocrx_word' id='word_1_211' title='bbox 379 3617 553 3696; x_wconf 55' lang='lat' dir='ltr'>‘&#39;Christe,</span> <span class='ocrx_word' id='word_1_212' title='bbox 573 3620 603 3682; x_wconf 89' lang='lat' dir='ltr'>si</span> <span class='ocrx_word' id='word_1_213' title='bbox 626 3619 754 3703; x_wconf 90' lang='lat' dir='ltr'>injuste</span> <span class='ocrx_word' id='word_1_214' title='bbox 777 3618 879 3682; x_wconf 89' lang='lat' dir='ltr'>isthic</span> <span class='ocrx_word' id='word_1_215' title='bbox 902 3618 1070 3700; x_wconf 85' lang='lat' dir='ltr'>praesideo</span> <span class='ocrx_word' id='word_1_216' title='bbox 1093 3617 1162 3683; x_wconf 90' lang='lat' dir='ltr'>cito</span> <span class='ocrx_word' id='word_1_217' title='bbox 1185 3624 1220 3682; x_wconf 93' lang='lat' dir='ltr'>et</span> <span class='ocrx_word' id='word_1_218' title='bbox 1242 3619 1352 3680; x_wconf 89' lang='lat' dir='ltr'>maui-</span> 
     </span>
    </p>

    <p class='ocr_par' dir='ltr' id='par_1_20' title="bbox 403 3717 1351 3801">
     <span class='ocr_line' id='line_1_33' title="bbox 403 3717 1351 3801; baseline 0 -20"><span class='ocrx_word' id='word_1_219' title='bbox 403 3719 490 3783; x_wconf 85' lang='lat' dir='ltr'>feste</span> <span class='ocrx_word' id='word_1_220' title='bbox 523 3719 674 3801; x_wconf 84' lang='lat' dir='ltr'>digneris</span> <span class='ocrx_word' id='word_1_221' title='bbox 707 3717 910 3783; x_wconf 88' lang='lat' dir='ltr'>ostendere.’</span> <span class='ocrx_word' id='word_1_222' title='bbox 973 3717 1099 3782; x_wconf 87' lang='lat' dir='ltr'>Videte</span> <span class='ocrx_word' id='word_1_223' title='bbox 1138 3718 1351 3781; x_wconf 91' lang='lat' dir='ltr'>miraculum.</span> 
     </span>
    </p>

    <p class='ocr_par' dir='ltr' id='par_1_21' title="bbox 405 3818 1352 3903">
     <span class='ocr_line' id='line_1_34' title="bbox 405 3818 1352 3903; baseline -0.004 -19"><span class='ocrx_word' id='word_1_224' title='bbox 405 3820 489 3903; x_wconf 89' lang='lat' dir='ltr'>Ipsa</span> <span class='ocrx_word' id='word_1_225' title='bbox 514 3821 568 3884; x_wconf 91' lang='lat' dir='ltr'>die</span> <span class='ocrx_word' id='word_1_226' title='bbox 592 3819 764 3902; x_wconf 91' lang='lat' dir='ltr'>loquelam</span> <span class='ocrx_word' id='word_1_227' title='bbox 793 3818 952 3901; x_wconf 88' lang='lat' dir='ltr'>perdidit,</span> <span class='ocrx_word' id='word_1_228' title='bbox 975 3819 1085 3882; x_wconf 83' lang='lat' dir='ltr'>altera</span> <span class='ocrx_word' id='word_1_229' title='bbox 1106 3819 1226 3894; x_wconf 91' lang='lat' dir='ltr'>vitam,</span> <span class='ocrx_word' id='word_1_230' title='bbox 1249 3819 1352 3883; x_wconf 88' lang='lat' dir='ltr'>tertia</span> 
     </span>
    </p>

    <p class='ocr_par' dir='ltr' id='par_1_22' title="bbox 403 3918 1351 4001">
     <span class='ocr_line' id='line_1_35' title="bbox 403 3918 1351 4001; baseline -0.001 -18"><span class='ocrx_word' id='word_1_231' title='bbox 403 3928 504 3985; x_wconf 86' lang='lat' dir='ltr'>terrae</span> <span class='ocrx_word' id='word_1_232' title='bbox 533 3921 680 3985; x_wconf 90' lang='lat' dir='ltr'>traditus</span> <span class='ocrx_word' id='word_1_233' title='bbox 709 3920 944 4001; x_wconf 84' lang='lat' dir='ltr'>experimento</span> <span class='ocrx_word' id='word_1_234' title='bbox 981 3918 1099 3982; x_wconf 90' lang='lat' dir='ltr'>didicit</span> <span class='ocrx_word' id='word_1_235' title='bbox 1127 3925 1162 3982; x_wconf 91' lang='lat' dir='ltr'>et</span> <span class='ocrx_word' id='word_1_236' title='bbox 1192 3918 1351 4000; x_wconf 88' lang='lat' dir='ltr'>exemplo</span> 
     </span>
    </p>
   </div>
   <div class='ocr_carea' id='block_1_3' title="bbox 402 4094 1352 4301">
    <p class='ocr_par' dir='ltr' id='par_1_23' title="bbox 402 4094 1352 4301">
     <span class='ocr_line' id='line_1_36' title="bbox 437 4094 1352 4159; baseline 0.002 -15"><span class='ocrx_word' id='word_1_237' title='bbox 437 4094 613 4158; x_wconf 80' lang='lat' dir='ltr'>³Massiliam.]</span> <span class='ocrx_word' id='word_1_238' title='bbox 627 4096 864 4146; x_wconf 83' lang='lat' dir='ltr'>RichardleltMar-</span> <span class='ocrx_word' id='word_1_239' title='bbox 887 4113 955 4159; x_wconf 90' lang='lat' dir='ltr'>upon</span> <span class='ocrx_word' id='word_1_240' title='bbox 965 4098 1007 4146; x_wconf 84' lang='lat' dir='ltr'>the</span> <span class='ocrx_word' id='word_1_241' title='bbox 1019 4097 1079 4145; x_wconf 75' lang='lat' dir='ltr'>aeth</span> <span class='ocrx_word' id='word_1_242' title='bbox 1095 4097 1195 4145; x_wconf 85' lang='lat' dir='ltr'>arrived</span> <span class='ocrx_word' id='word_1_243' title='bbox 1206 4102 1232 4145; x_wconf 83' lang='lat' dir='ltr'>at</span> <span class='ocrx_word' id='word_1_244' title='bbox 1244 4098 1352 4159; x_wconf 85' lang='lat' dir='ltr'>Naples,</span> 
     </span>
     <span class='ocr_line' id='line_1_37' title="bbox 402 4166 1351 4230; baseline 0.001 -16"><span class='ocrx_word' id='word_1_245' title='bbox 402 4166 486 4214; x_wconf 84' lang='lat' dir='ltr'>seilles</span> <span class='ocrx_word' id='word_1_246' title='bbox 507 4182 576 4227; x_wconf 88' lang='lat' dir='ltr'>upon</span> <span class='ocrx_word' id='word_1_247' title='bbox 598 4166 641 4214; x_wconf 81' lang='lat' dir='ltr'>vth</span> <span class='ocrx_word' id='word_1_248' title='bbox 664 4167 767 4228; x_wconf 78' lang='lat' dir='ltr'>August</span> <span class='ocrx_word' id='word_1_249' title='bbox 790 4173 863 4230; x_wconf 84' lang='lat'>1190,</span> <span class='ocrx_word' id='word_1_250' title='bbox 887 4169 937 4217; x_wconf 85' lang='lat' dir='ltr'>and</span> <span class='ocrx_word' id='word_1_251' title='bbox 948 4167 1041 4216; x_wconf 85' lang='lat' dir='ltr'>lauded</span> <span class='ocrx_word' id='word_1_252' title='bbox 1053 4171 1079 4215; x_wconf 80' lang='lat' dir='ltr'>at</span> <span class='ocrx_word' id='word_1_253' title='bbox 1088 4167 1203 4216; x_wconf 86' lang='lat' dir='ltr'>Messina</span> <span class='ocrx_word' id='word_1_254' title='bbox 1213 4182 1282 4228; x_wconf 90' lang='lat' dir='ltr'>upon</span> <span class='ocrx_word' id='word_1_255' title='bbox 1290 4167 1351 4228; x_wconf 87' lang='lat' dir='ltr'>Sep-</span> 
     </span>
     <span class='ocr_line' id='line_1_38' title="bbox 402 4235 1061 4301; baseline 0.002 -17"><span class='ocrx_word' id='word_1_256' title='bbox 402 4235 510 4286; x_wconf 83' lang='lat' dir='ltr'>reached</span> <span class='ocrx_word' id='word_1_257' title='bbox 532 4236 621 4287; x_wconf 85' lang='lat' dir='ltr'>Genoa</span> <span class='ocrx_word' id='word_1_258' title='bbox 642 4251 710 4298; x_wconf 90' lang='lat' dir='ltr'>upon</span> <span class='ocrx_word' id='word_1_259' title='bbox 732 4237 774 4286; x_wconf 87' lang='lat' dir='ltr'>the</span> <span class='ocrx_word' id='word_1_260' title='bbox 796 4239 864 4301; x_wconf 72' lang='lat' dir='ltr'>loth,</span> <span class='ocrx_word' id='word_1_261' title='bbox 885 4237 1061 4287; x_wconf 73' lang='lat' dir='ltr'>temberasrd.</span> 
     </span>
    </p>
   </div>
   <div class='ocr_carea' id='block_1_4' title="bbox 0 0 1608 5036">
    <p class='ocr_par' dir='ltr' id='par_1_24' title="bbox 0 0 1608 5036">
     <span class='ocr_line' id='line_1_39' title="bbox 0 0 1608 5036; baseline 0 5"><span class='ocrx_word' id='word_1_262' title='bbox 0 0 1608 5036; x_wconf 95' lang='lat' dir='ltr'> </span> 
     </span>
    </p>
   </div>
  </div>
 </body>
</html>
