3208 5036
410 475 457 522 DE
481 473 597 524 REBUS
621 474 744 522 GESTIS
769 473 922 522 niceam
948 475 1065 525 PRIMI.
1171 462 1215 526 23

264 631 553 698 Baimocencensi
581 633 764 716 episcopis,
790 639 825 696 et
850 634 1009 698 omnibus
1034 635 1093 718 qui
1118 637 1377 718 quic-norror.

262 751 365 814 quam
381 752 483 816 posse
496 734 709 816 putabantur
722 753 768 796 ex
784 731 921 815 Anglis,
934 743 1105 800 venerunt
1117 757 1214 802 reve-

263 840 378 897 renter
399 834 443 897 ad
465 853 581 915 regem
596 832 749 916 Angliae,
764 841 804 898 ut
818 835 884 898 sibi
898 835 941 898 de
956 837 1114 901 omnibus
1130 857 1213 920 que·

261 934 342 997 reiis
357 934 401 998 ad
415 934 550 997 libitum
564 954 665 998 sunm
678 935 832 999 facerent
846 935 1017 1000 satisfieri.
1060 936 1141 1002 Rex
1155 939 1214 1003 diu

232 1034 475 1116 omultumque
497 1042 640 1117 rogatus
655 1036 699 1099 ad
714 1042 890 1100 tantorum
905 1037 1056 1100 virorum
1078 1040 1212 1103 instan-

261 1135 345 1200 tiam
377 1135 538 1212 flectitur,
567 1142 604 1200 et
631 1153 734 1219 super
761 1136 856 1219 ipsos
886 1144 1083 1219 precatores
1116 1140 1212 1220 pacis

261 1235 360 1317 ponit
375 1234 555 1320 judicium.
609 1234 763 1300 Pensent
776 1237 898 1318 quanti
919 1236 966 1300 sit
980 1239 1071 1320 quod
1093 1247 1210 1321 pertu-

260 1334 350 1413 lerit,
382 1344 418 1400 et
444 1336 649 1418 provideant
677 1356 721 1400 ne
748 1337 862 1401 minus
890 1338 1057 1418 penderet
1085 1347 1211 1420 pacata

261 1455 364 1518 quam
379 1445 569 1519 peccatum.
612 1435 705 1502 Satis
719 1437 784 1500 erit
798 1438 864 1501 sibi
878 1438 1041 1521 quicquid
1056 1438 1210 1504 sufficere

215 1557 247 1602 ro
260 1535 460 1601 deliberatio
483 1537 672 1600 communis
686 1536 810 1602 debere
824 1538 1025 1616 decreverit,
1039 1541 1070 1603 si
1093 1548 1209 1604 tamen

259 1637 303 1700 ab
328 1637 482 1721 ejusdem
506 1637 600 1700 horae
630 1645 804 1701 momento
833 1657 933 1702 nemo
950 1637 1144 1706 Griffonum
1172 1642 1208 1704 in

259 1755 339 1800 suos
362 1757 484 1801 manus
502 1739 628 1802 mittat.
681 1738 834 1802 Multum
856 1739 972 1804 mirati
993 1748 1076 1805 sunt
1097 1743 1208 1822 magis

258 1856 360 1917 quam
375 1838 486 1902 lactati
500 1839 543 1902 ad
559 1839 744 1920 insperatae
759 1857 926 1921 responsa
936 1841 1208 1905 mansuetudinis

258 1938 318 2018 qui
338 1939 561 2015 advenerant,
584 1939 676 2020 quod
699 1939 886 2003 novissimo
908 1940 958 2003 illi
982 1950 1209 2023 proposuerat

213 2051 243 2096 ra
257 2046 424 2118 ponentes
440 2039 476 2102 in
490 2058 642 2116 manum,
657 2039 700 2102 de
714 2040 846 2121 reliquo
860 2041 1042 2104 tractaturi
1052 2060 1207 2104 seorsum

175 2165 176 2172 ¹
257 2139 496 2218 consederunt,
511 2159 533 2202 a
548 2146 734 2221 conspectu
748 2141 840 2221 regis
854 2140 987 2203 remoti.

307 2239 325 2323 §
338 2239 394 2302 26.
417 2238 528 2322 Regis
541 2240 714 2304 exercitus
727 2239 929 2321 praedictum
944 2237 1053 2321 pridie
1064 2244 1206 2301 taxatus
1219 2259 1314 2318 nessae
1323 2262 1357 2300 re-

255 2338 291 2401 in
301 2359 479 2402 numerum
492 2359 569 2403 cum
582 2340 682 2421 gravi
691 2340 927 2404 taciturnitate
939 2337 1206 2421 praestolabatur
1218 2312 1324 2409 ltili?

255 2438 291 2503 in
306 2440 410 2503 armis
429 2447 530 2504 extra
544 2448 660 2506 castra
674 2459 868 2522 preconem,
883 2439 927 2502 ab
943 2446 1019 2504 orto
1028 2437 1103 2521 jam
1120 2438 1205 2516 sole,

211 2553 243 2598 aa
256 2547 291 2604 et
313 2541 516 2605 formatores
541 2541 637 2623 pacis
664 2540 832 2603 morosius
857 2547 1000 2622 agentes
1025 2540 1062 2602 in
1084 2538 1205 2602 horam

256 2640 356 2722 plene
371 2642 509 2705 tertiam
524 2641 615 2704 diem
629 2648 884 2722 protraxerant,
899 2660 977 2704 cum
999 2644 1098 2703 ecce!
1122 2641 1203 2703 sub-

255 2741 304 2804 ito
326 2748 362 2805 et
385 2761 429 2804 ex
453 2742 640 2824 improviso
661 2741 830 2805 clamatur
853 2741 972 2805 audita
994 2740 1096 2803 nimis
1119 2759 1204 2803 voce

255 2860 327 2922 prae
352 2841 493 2919 foribus,
509 2840 653 2918 ‘Arma
667 2861 774 2919 arma,
790 2842 873 2906 viri!
926 2840 1035 2922 Hugo
1062 2840 1202 2903 Brnnus

255 2948 377 3024 captus
411 2943 555 3006 caeditur
589 2961 611 3004 a
641 2941 866 3018 Griffenibus,
901 2940 1063 3023 quicquid
1098 2938 1203 3004 habet

210 3057 242 3102 25
256 3041 425 3124 diripitur,
440 3051 476 3107 et
496 3042 652 3106 homines
667 3041 742 3125 ejus
756 3041 982 3106 occiduntur.'
1037 3038 1202 3104 Confudit

256 3142 384 3206 clamor
405 3143 500 3224 pacis
521 3142 679 3206 infractae
700 3142 742 3205 de
764 3161 849 3224 pace
871 3148 1073 3217 tractantes,
1088 3147 1123 3203 et
1138 3161 1201 3204 rex

258 3242 414 3306 Franciae
451 3243 556 3307 talem
585 3242 744 3325 prorupit
769 3243 806 3305 in
833 3260 964 3318 vocem,
994 3239 1199 3321 ‘Perpendo

255 3343 346 3423 quod
373 3342 469 3406 Deus
499 3343 572 3407 odit
599 3343 664 3406 hos
691 3341 846 3406 homines
877 3349 913 3405 et
940 3340 1115 3405 induravit
1142 3359 1201 3403 cor

254 3461 383 3520 eorum,
396 3450 436 3507 ut
449 3442 577 3507 cadant
588 3444 625 3507 in
638 3461 761 3506 manus
780 3442 980 3507 cruciatoris
990 3442 1011 3522 ς’
1026 3459 1200 3505 reversus-

210 3562 242 3607 ao
254 3562 321 3624 que
336 3543 492 3608 celeriter
502 3564 579 3608 cum
590 3544 761 3620 omnibuS,
781 3544 841 3625 qui
863 3563 979 3607 secum
1000 3542 1149 3619 fuerant,
1164 3543 1201 3605 in

254 3645 345 3725 regis
360 3644 581 3727 papilionem,
594 3644 727 3708 invenit
746 3663 824 3707 eum
841 3643 917 3727 jam
939 3644 1029 3707 ferro
1043 3662 1081 3706 se
1098 3643 1200 3707 vesti-

254 3751 380 3821 entem,
394 3745 450 3807 cui
472 3744 632 3810 brevibus
645 3744 885 3821 infit,‘Testis
908 3764 966 3808 ero
990 3762 1106 3808 coram
1128 3762 1200 3805 om-

253 3845 354 3908 nibus
367 3844 560 3909 hominibus
573 3844 735 3926 quicquid
750 3843 925 3920 acciderit,
939 3843 1031 3925 quod
1045 3841 1200 3924 inculpa·
1307 3869 1311 3876 ·

253 3943 331 4008 bilis
358 3945 436 4022 eris,
463 3945 493 4008 si
515 3944 638 4009 amodo
665 3951 787 4008 contra
811 3943 1012 4007 maledictos
1028 3941 1201 4006 Griffones

209 4064 240 4108 aa
254 4064 350 4109 arma
364 4045 578 4127 portaveris!
630 4044 778 4108 Dixerat
792 4051 827 4107 ct
842 4042 997 4119 discedit,
1011 4049 1202 4124 sequuntur

253 4164 332 4208 enm
346 4147 406 4227 qui
420 4165 536 4210 secum
550 4150 730 4221 venerant,
743 4151 778 4207 et
797 4144 1009 4225 recipiuntur
1022 4142 1152 4225 pariter
1165 4143 1201 4205 in

253 4245 439 4310 civitatem.
493 4245 573 4310 Rex
588 4244 728 4328 Angliae
741 4244 895 4328 procedit
910 4249 1075 4320 armatus,
1091 4241 1202 4307 vexil-
